{1:}{2:IN}{3:{108:CTIS}}{4:
:20:37101985510050403879
:25:37101985510050403879
:28C:4744/1
:60F:D171223CNY155503488,21
:61:1712231223CD50,NMSCNONREF
42201331401050201810
:86:宜昌市天歌制冷设备有限公司 建行宜昌星火路支行
//货款
:62F:D171223CNY155503538,21
-}{5:{CHK:}}

{1:}{2:IN}{3:{108:CTIS}}{4:
:20:37101985510050403879
:25:37101985510050403879
:28C:4745/1
:60F:D171224CNY155503538,21
:61:1712241224CD2170,NMSCNONREF
9070107250142050003630
:86:山东潍坊百货集团股份有限公司昌乐佳乐家超市 山东昌乐农村商业银行
//货款
:62F:D171224CNY155505708,21
-}{5:{CHK:}}

{1:}{2:IN}{3:{108:CTIS}}{4:
:20:37101985510050403879
:25:37101985510050403879
:28C:4747/1
:60F:D171225CNY155503291,49
:61:1712251225CD204062,NMSCNONREF
03347400040018461
:86:上海盛雪制冷设备有限公司 中国农业银行股份有限公司上海水电支行
//货款
:62F:D171225CNY155707353,49
-}{5:{CHK:}}

{1:}{2:IN}{3:{108:CTIS}}{4:
:20:37101985510050403879
:25:37101985510050403879
:28C:4748/1
:60F:D171225CNY155707353,49
:61:1712251225CD24134,NMSCNONREF
1209180548079372
:86:哈尔滨海晟制冷设备有限公司 哈尔滨银行股份有限公司红旗支行
//货款 货款
:62F:D171225CNY155731487,49
-}{5:{CHK:}}