{1:}{2:IN}{3:{108:CTIS}}{4:
:20:37101985510050403879
:25:37101985510050403879
:28C:4944/1
:60F:D180102CNY183990815,74
:61:1801020102CD3900,NMSCNONREF
253303370228
:86:郑州丹尼斯百货有限公司南阳新华分公司 中国银行南阳卧龙支行
//货款
:62F:D180102CNY183994715,74
-}{5:{CHK:}}

{1:}{2:IN}{3:{108:CTIS}}{4:
:20:37101985510050403879
:25:37101985510050403879
:28C:4945/1
:60F:D180102CNY183994715,74
:61:1801020102CD3686,NMSCNONREF
0346010140800005413
:86:沈阳云翔制冷设备科技有限公司 盛京银行沈阳市中山支行
//货款货款
:62F:D180102CNY183998401,74
-}{5:{CHK:}}

{1:}{2:IN}{3:{108:CTIS}}{4:
:20:37101985510050403879
:25:37101985510050403879
:28C:4947/1
:60F:D180102CNY183976639,74
:61:1801020102CD40736,NMSCNONREF
380558330032
:86:宁波曜达商用设备有限公司 中国银行股份有限公司宁波四眼碶支行
//货款
:62F:D180102CNY184017375,74
-}{5:{CHK:}}

{1:}{2:IN}{3:{108:CTIS}}{4:
:20:37101985510050403879
:25:37101985510050403879
:28C:4948/1
:60F:D180102CNY184017375,74
:61:1801020102CD11040,NMSCNONREF
37101985110051003022
:86:青岛锐莱斯制冷设备有限公司 建行青岛山东路中央商务区支行
//货款
:62F:D180102CNY184028415,74
-}{5:{CHK:}}

{1:}{2:IN}{3:{108:CTIS}}{4:
:20:37101985510050403879
:25:37101985510050403879
:28C:4949/1
:60F:D180102CNY184028415,74
:61:1801020102CD25825,NMSCNONREF
445560628866
:86:上海杨沃实业有限公司 中国银行上海市分行营业部
//货款
:62F:D180102CNY184054240,74
-}{5:{CHK:}}

{1:}{2:IN}{3:{108:CTIS}}{4:
:20:37101985510050403879
:25:37101985510050403879
:28C:4950/1
:60F:D180102CNY184054240,74
:61:1801020102CD5713,NMSCNONREF
7060720109000002
:86:吉林省灼灼商贸有限公司 吉林银行长春兴亚支行
//货款
:62F:D180102CNY184059953,74
-}{5:{CHK:}}

{1:}{2:IN}{3:{108:CTIS}}{4:
:20:37101985510050403879
:25:37101985510050403879
:28C:4951/1
:60F:D180102CNY184059953,74
:61:1801020102CD6180,NMSCNONREF
800024712720010
:86:长沙恒捷科技发展有限公司 长沙银行股份有限公司湘银支行
//货款
:62F:D180102CNY184066133,74
-}{5:{CHK:}}

{1:}{2:IN}{3:{108:CTIS}}{4:
:20:37101985510050403879
:25:37101985510050403879
:28C:4952/1
:60F:D180102CNY184066133,74
:61:1801020102CD125521,NMSCNONREF
52001413600052506481
:86:贵州佳莱仕制冷设备有限公司 建行贵阳城北支行
//货款
:62F:D180102CNY184191654,74
-}{5:{CHK:}}

{1:}{2:IN}{3:{108:CTIS}}{4:
:20:37101985510050403879
:25:37101985510050403879
:28C:4953/1
:60F:D180102CNY184191654,74
:61:1801020102CD93600,NMSCNONREF
1209180548079372
:86:哈尔滨海晟制冷设备有限公司 哈尔滨银行股份有限公司红旗支行
//货款 货款
:62F:D180102CNY184285254,74
-}{5:{CHK:}}

{1:}{2:IN}{3:{108:CTIS}}{4:
:20:37101985510050403879
:25:37101985510050403879
:28C:4954/1
:60F:D180102CNY184285254,74
:61:1801020102CD17088,NMSCNONREF
3100027809200062654
:86:重庆润泰制冷设备有限公司 中国工商银行股份有限公司重庆分行业务处理中心
//电子汇入
:62F:D180102CNY184302342,74
-}{5:{CHK:}}

{1:}{2:IN}{3:{108:CTIS}}{4:
:20:37101985510050403879
:25:37101985510050403879
:28C:4955/1
:60F:D180102CNY184302342,74
:61:1801020102CD151704,NMSCNONREF
244222537935
:86:山东华盛达机电设备有限公司 中国银行股份有限公司潍坊潍城支行
//电子汇入
:62F:D180102CNY184454046,74
-}{5:{CHK:}}

{1:}{2:IN}{3:{108:CTIS}}{4:
:20:37101985510050403879
:25:37101985510050403879
:28C:4958/1
:60F:D180102CNY184343123,74
:61:1801020102CD10800,NMSCNONREF
33001627261059006798
:86:苍南县龙港大润发商业有限公司 苍南龙港支行
//货款 54145
:62F:D180102CNY184353923,74
-}{5:{CHK:}}

{1:}{2:IN}{3:{108:CTIS}}{4:
:20:37101985510050403879
:25:37101985510050403879
:28C:4959/1
:60F:D180102CNY184353923,74
:61:1801020102CD10800,NMSCNONREF
32201989036059003162
:86:江苏百润商品配送中心有限公司 建行苏州城中支行
//货款 54145
:62F:D180102CNY184364723,74
-}{5:{CHK:}}

{1:}{2:IN}{3:{108:CTIS}}{4:
:20:37101985510050403879
:25:37101985510050403879
:28C:4960/1
:60F:D180102CNY184364723,74
:61:1801020102CD19891,5NMSCNONREF
32201989044059951999
:86:苏州润瑞商业有限公司 建行苏州市兴元分理处
//货款 54145
:62F:D180102CNY184384615,24
-}{5:{CHK:}}

{1:}{2:IN}{3:{108:CTIS}}{4:
:20:37101985510050403879
:25:37101985510050403879
:28C:4961/1
:60F:D180102CNY184384615,24
:61:1801020102CD10800,NMSCNONREF
32001647236052505754
:86:如皋大润发商业有限公司 建行如皋支行
//货款 54145
:62F:D180102CNY184395415,24
-}{5:{CHK:}}

{1:}{2:IN}{3:{108:CTIS}}{4:
:20:37101985510050403879
:25:37101985510050403879
:28C:4962/1
:60F:D180102CNY184395415,24
:61:1801020102CD10800,NMSCNONREF
12736001040004433
:86:芜湖大润发商贸有限公司 中国农业银行股份有限公司芜湖滨江支行
//货款 54145
:62F:D180102CNY184406215,24
-}{5:{CHK:}}

{1:}{2:IN}{3:{108:CTIS}}{4:
:20:37101985510050403879
:25:37101985510050403879
:28C:4963/1
:60F:D180102CNY184406215,24
:61:1801020102CD10800,NMSCNONREF
310066247018160085367
:86:上海闸北南区大润发商贸有限公司 交通银行上海市分行
//货款 54145
:62F:D180102CNY184417015,24
-}{5:{CHK:}}

{1:}{2:IN}{3:{108:CTIS}}{4:
:20:37101985510050403879
:25:37101985510050403879
:28C:4964/1
:60F:D180102CNY184417015,24
:61:1801020102CD1492587,17NMSCNONREF
1512211009000282430
:86:上饶市大润发超市有限公司 中国工商银行上饶县支行
//,,
:62F:D180102CNY185909602,41
-}{5:{CHK:}}

{1:}{2:IN}{3:{108:CTIS}}{4:
:20:37101985510050403879
:25:37101985510050403879
:28C:4965/1
:60F:D180102CNY185909602,41
:61:1801020102CD367147,2NMSCNONREF
1512211009000282430
:86:上饶市大润发超市有限公司 中国工商银行上饶县支行
//,,
:62F:D180102CNY186276749,61
-}{5:{CHK:}}

{1:}{2:IN}{3:{108:CTIS}}{4:
:20:37101985510050403879
:25:37101985510050403879
:28C:4966/1
:60F:D180102CNY186276749,61
:61:1801020102CD10800,NMSCNONREF
1211024819200006975
:86:诸暨大润发商业有限公司 中国工商银行股份有限公司诸暨新世纪支行
//,
:62F:D180102CNY186287549,61
-}{5:{CHK:}}

{1:}{2:IN}{3:{108:CTIS}}{4:
:20:37101985510050403879
:25:37101985510050403879
:28C:4967/1
:60F:D180102CNY186287549,61
:61:1801020102CD10800,NMSCNONREF
1204080009300169213
:86:平湖大润发商业有限公司 中国工商银行股份有限公司平湖支行
//,
:62F:D180102CNY186298349,61
-}{5:{CHK:}}

{1:}{2:IN}{3:{108:CTIS}}{4:
:20:37101985510050403879
:25:37101985510050403879
:28C:4968/1
:60F:D180102CNY186298349,61
:61:1801020102CD1053,NMSCNONREF
1211032009000035770
:86:绍兴大润发超市有限公司 中国工商银行股份有限公司绍兴袍江支行
//,
:62F:D180102CNY186299402,61
-}{5:{CHK:}}

{1:}{2:IN}{3:{108:CTIS}}{4:
:20:37101985510050403879
:25:37101985510050403879
:28C:4969/1
:60F:D180102CNY186299402,61
:61:1801020102CD10800,NMSCNONREF
1209230219200028258
:86:江山润良商业有限公司 中国工商银行股份有限公司江山鹿溪中路支行
//,
:62F:D180102CNY186310202,61
-}{5:{CHK:}}

{1:}{2:IN}{3:{108:CTIS}}{4:
:20:37101985510050403879
:25:37101985510050403879
:28C:4970/1
:60F:D180102CNY186310202,61
:61:1801020102CD10800,NMSCNONREF
1207031109045215630
:86:台州市黄岩大润发商业有限公司 中国工商银行台州市黄岩区支行
//,
:62F:D180102CNY186321002,61
-}{5:{CHK:}}

{1:}{2:IN}{3:{108:CTIS}}{4:
:20:37101985510050403879
:25:37101985510050403879
:28C:4971/1
:60F:D180102CNY186321002,61
:61:1801020102CD10800,NMSCNONREF
1210200209200050228
:86:丽水大润发商业有限公司 中国工商银行股份有限公司丽水丽青支行
//,
:62F:D180102CNY186331802,61
-}{5:{CHK:}}

{1:}{2:IN}{3:{108:CTIS}}{4:
:20:37101985510050403879
:25:37101985510050403879
:28C:4972/1
:60F:D180102CNY186331802,61
:61:1801020102CD9949,61NMSCNONREF
1110060109000023081
:86:涟水润华商业有限公司 中国工商银行涟水县支行
//,
:62F:D180102CNY186341752,22
-}{5:{CHK:}}

{1:}{2:IN}{3:{108:CTIS}}{4:
:20:37101985510050403879
:25:37101985510050403879
:28C:4973/1
:60F:D180102CNY186341752,22
:61:1801020102CD10800,NMSCNONREF
1110090109200111970
:86:盱眙润云商业有限公司 中国工商银行盱眙县支行
//,
:62F:D180102CNY186352552,22
-}{5:{CHK:}}

{1:}{2:IN}{3:{108:CTIS}}{4:
:20:37101985510050403879
:25:37101985510050403879
:28C:4974/1
:60F:D180102CNY186352552,22
:61:1801020102CD10800,NMSCNONREF
1104060009200120392
:86:镇江润成商业有限公司 中国工商银行股份有限公司镇江新区支行
//,
:62F:D180102CNY186363352,22
-}{5:{CHK:}}

{1:}{2:IN}{3:{108:CTIS}}{4:
:20:37101985510050403879
:25:37101985510050403879
:28C:4975/1
:60F:D180102CNY186363352,22
:61:1801020102CD10800,NMSCNONREF
1105021819001196975
:86:常州关河大润发商业有限公司 中国工商银行常州市小营前支行
//,
:62F:D180102CNY186374152,22
-}{5:{CHK:}}

{1:}{2:IN}{3:{108:CTIS}}{4:
:20:37101985510050403879
:25:37101985510050403879
:28C:4976/1
:60F:D180102CNY186374152,22
:61:1801020102CD10800,NMSCNONREF
1115511109300019191
:86:兴化润泰商业有限公司 中国工商银行股份有限公司兴化昭阳支行
//,
:62F:D180102CNY186384952,22
-}{5:{CHK:}}

{1:}{2:IN}{3:{108:CTIS}}{4:
:20:37101985510050403879
:25:37101985510050403879
:28C:4977/1
:60F:D180102CNY186384952,22
:61:1801020102CD10800,NMSCNONREF
1102023519005354788
:86:昆山润华商业有限公司大润发分公司 中国工商银行昆山市经济技术开发区支行
//,
:62F:D180102CNY186395752,22
-}{5:{CHK:}}

{1:}{2:IN}{3:{108:CTIS}}{4:
:20:37101985510050403879
:25:37101985510050403879
:28C:4978/1
:60F:D180102CNY186395752,22
:61:1801020102CD10800,NMSCNONREF
1106020409210116821
:86:徐州润华商业有限公司 中国工商银行徐州市淮海东路支行
//,
:62F:D180102CNY186406552,22
-}{5:{CHK:}}

{1:}{2:IN}{3:{108:CTIS}}{4:
:20:37101985510050403879
:25:37101985510050403879
:28C:4979/1
:60F:D180102CNY186406552,22
:61:1801020102CD10800,NMSCNONREF
1109660109200396366
:86:盐城先峰岛大润发商业有限公司 中国工商银行盐城市分行营业部
//,
:62F:D180102CNY186417352,22
-}{5:{CHK:}}

{1:}{2:IN}{3:{108:CTIS}}{4:
:20:37101985510050403879
:25:37101985510050403879
:28C:4980/1
:60F:D180102CNY186417352,22
:61:1801020102CD10800,NMSCNONREF
1106021109210211133
:86:徐州润瑞商业有限公司 中国工商银行徐州市泉山支行
//,
:62F:D180102CNY186428152,22
-}{5:{CHK:}}

{1:}{2:IN}{3:{108:CTIS}}{4:
:20:37101985510050403879
:25:37101985510050403879
:28C:4981/1
:60F:D180102CNY186428152,22
:61:1801020102CD10800,NMSCNONREF
1106027109000078988
:86:邳州润泰商业有限公司 中国工商银行邳州明德支行
//,
:62F:D180102CNY186438952,22
-}{5:{CHK:}}

{1:}{2:IN}{3:{108:CTIS}}{4:
:20:37101985510050403879
:25:37101985510050403879
:28C:4982/1
:60F:D180102CNY186438952,22
:61:1801020102CD10800,NMSCNONREF
1103027609200575717
:86:江阴唯润商业有限公司 中国工商银行股份有限公司江阴城西支行
//,
:62F:D180102CNY186449752,22
-}{5:{CHK:}}

{1:}{2:IN}{3:{108:CTIS}}{4:
:20:37101985510050403879
:25:37101985510050403879
:28C:4983/1
:60F:D180102CNY186449752,22
:61:1801020102CD10800,NMSCNONREF
1111426019100009166
:86:南通通州润泰商业有限公司 中国工商银行股份有限公司南通城中支行
//,
:62F:D180102CNY186460552,22
-}{5:{CHK:}}

{1:}{2:IN}{3:{108:CTIS}}{4:
:20:37101985510050403879
:25:37101985510050403879
:28C:4984/1
:60F:D180102CNY186460552,22
:61:1801020102CD10800,NMSCNONREF
1105038509000002891
:86:常州关河大润发商业有限公司天宁分公司 中国工商银行股份有限公司常州丽华新村支行
//,
:62F:D180102CNY186471352,22
-}{5:{CHK:}}

{1:}{2:IN}{3:{108:CTIS}}{4:
:20:37101985510050403879
:25:37101985510050403879
:28C:4985/1
:60F:D180102CNY186471352,22
:61:1801020102CD10800,NMSCNONREF
1102022119001259289
:86:吴江市润泰商业有限公司 中国工商银行吴江盛泽支行
//,
:62F:D180102CNY186482152,22
-}{5:{CHK:}}

{1:}{2:IN}{3:{108:CTIS}}{4:
:20:37101985510050403879
:25:37101985510050403879
:28C:4986/1
:60F:D180102CNY186482152,22
:61:1801020102CD10800,NMSCNONREF
1102232609000002334
:86:昆山润华商业有限公司开发区分公司 中国工商银行昆山市经济技术开发区支行
//,
:62F:D180102CNY186492952,22
-}{5:{CHK:}}

{1:}{2:IN}{3:{108:CTIS}}{4:
:20:37101985510050403879
:25:37101985510050403879
:28C:4987/1
:60F:D180102CNY186492952,22
:61:1801020102CD10800,NMSCNONREF
1116050009000121141
:86:昆山润华商业有限公司泗洪分公司 中国工商银行泗洪县支行营业部
//,
:62F:D180102CNY186503752,22
-}{5:{CHK:}}

{1:}{2:IN}{3:{108:CTIS}}{4:
:20:37101985510050403879
:25:37101985510050403879
:28C:4988/1
:60F:D180102CNY186503752,22
:61:1801020102CD10800,NMSCNONREF
1103020609200282530
:86:无锡润泰商业有限公司 中国工商银行股份有限公司无锡北塘支行
//,
:62F:D180102CNY186514552,22
-}{5:{CHK:}}

{1:}{2:IN}{3:{108:CTIS}}{4:
:20:37101985510050403879
:25:37101985510050403879
:28C:4989/1
:60F:D180102CNY186514552,22
:61:1801020102CD4500,NMSCNONREF
1109610409000088958
:86:建湖大润发商业有限公司 工商银行建湖县支行
//,
:62F:D180102CNY186519052,22
-}{5:{CHK:}}

{1:}{2:IN}{3:{108:CTIS}}{4:
:20:37101985510050403879
:25:37101985510050403879
:28C:4990/1
:60F:D180102CNY186519052,22
:61:1801020102CD10800,NMSCNONREF
1103028519200526078
:86:昆山润华商业有限公司江阴大润发分公司 中国工商银行股份有限公司江阴丽都支行
//,
:62F:D180102CNY186529852,22
-}{5:{CHK:}}

{1:}{2:IN}{3:{108:CTIS}}{4:
:20:37101985510050403879
:25:37101985510050403879
:28C:4991/1
:60F:D180102CNY186529852,22
:61:1801020102CD10800,NMSCNONREF
1107020019280070790
:86:连云港润良商贸有限公司 中国工商银行连云港龙河支行
//,
:62F:D180102CNY186540652,22
-}{5:{CHK:}}

{1:}{2:IN}{3:{108:CTIS}}{4:
:20:37101985510050403879
:25:37101985510050403879
:28C:4992/1
:60F:D180102CNY186540652,22
:61:1801020102CD10800,NMSCNONREF
1115120419000060066
:86:靖江润靖商业有限公司 中国工商银行靖江南京路支行
//,
:62F:D180102CNY186551452,22
-}{5:{CHK:}}

{1:}{2:IN}{3:{108:CTIS}}{4:
:20:37101985510050403879
:25:37101985510050403879
:28C:4993/1
:60F:D180102CNY186551452,22
:61:1801020102CD12789,NMSCNONREF
1001068319300011115
:86:昆山润华商业有限公司上海南汇分公司 中国工商银行股份有限公司上海市秀沿路支行
//,
:62F:D180102CNY186564241,22
-}{5:{CHK:}}

{1:}{2:IN}{3:{108:CTIS}}{4:
:20:37101985510050403879
:25:37101985510050403879
:28C:4994/1
:60F:D180102CNY186564241,22
:61:1801020102CD10800,NMSCNONREF
1001709509300112126
:86:上海泗泾大润发商贸有限公司 中国工商银行上海市泗泾支行
//,
:62F:D180102CNY186575041,22
-}{5:{CHK:}}

{1:}{2:IN}{3:{108:CTIS}}{4:
:20:37101985510050403879
:25:37101985510050403879
:28C:4995/1
:60F:D180102CNY186575041,22
:61:1801020102CD10800,NMSCNONREF
1001741909000035682
:86:上海闵行华漕大润发商贸有限公司 中国工商银行上海市徐泾支行
//,
:62F:D180102CNY186585841,22
-}{5:{CHK:}}

{1:}{2:IN}{3:{108:CTIS}}{4:
:20:37101985510050403879
:25:37101985510050403879
:28C:4996/1
:60F:D180102CNY186585841,22
:61:1801020102CD10800,NMSCNONREF
1001215509016228222
:86:上海大润发有限公司 中国工商银行上海市天目东路支行
//,
:62F:D180102CNY186596641,22
-}{5:{CHK:}}

{1:}{2:IN}{3:{108:CTIS}}{4:
:20:37101985510050403879
:25:37101985510050403879
:28C:4997/1
:60F:D180102CNY186596641,22
:61:1801020102CD10800,NMSCNONREF
19515301040012981
:86:昆山润华商业有限公司上虞分公司 中国农业银行股份有限公司绍兴分行清算中心
//货款 54145
:62F:D180102CNY186607441,22
-}{5:{CHK:}}

{1:}{2:IN}{3:{108:CTIS}}{4:
:20:37101985510050403879
:25:37101985510050403879
:28C:4998/1
:60F:D180102CNY186607441,22
:61:1801020102CD10800,NMSCNONREF
1303007709300056618
:86:蚌埠润华商业有限公司 中国工商银行股份有限公司蚌埠汇通支行
//,
:62F:D180102CNY186618241,22
-}{5:{CHK:}}

{1:}{2:IN}{3:{108:CTIS}}{4:
:20:37101985510050403879
:25:37101985510050403879
:28C:4999/1
:60F:D180102CNY186618241,22
:61:1801020102CD10800,NMSCNONREF
1303007709300061340
:86:蚌埠润瑞商业有限公司 中国工商银行股份有限公司蚌埠汇通支行
//,
:62F:D180102CNY186629041,22
-}{5:{CHK:}}

{1:}{2:IN}{3:{108:CTIS}}{4:
:20:37101985510050403879
:25:37101985510050403879
:28C:5000/1
:60F:D180102CNY186629041,22
:61:1801020102CD10800,NMSCNONREF
1305020109898989808
:86:淮北大润发商贸有限公司相山分公司 中国工商银行淮北汇通支行
//,
:62F:D180102CNY186639841,22
-}{5:{CHK:}}

{1:}{2:IN}{3:{108:CTIS}}{4:
:20:37101985510050403879
:25:37101985510050403879
:28C:5001/1
:60F:D180102CNY186639841,22
:61:1801020102CD10800,NMSCNONREF
1304002219022532513
:86:淮南市大润发商业有限公司 中国工商银行股份有限公司淮南舜耕支行
//,
:62F:D180102CNY186650641,22
-}{5:{CHK:}}

{1:}{2:IN}{3:{108:CTIS}}{4:
:20:37101985510050403879
:25:37101985510050403879
:28C:5002/1
:60F:D180102CNY186650641,22
:61:1801020102CD10800,NMSCNONREF
1305020109888888896
:86:淮北大润发商贸有限公司 中国工商银行淮北汇通支行
//,
:62F:D180102CNY186661441,22
-}{5:{CHK:}}

{1:}{2:IN}{3:{108:CTIS}}{4:
:20:37101985510050403879
:25:37101985510050403879
:28C:5003/1
:60F:D180102CNY186661441,22
:61:1801020102CD13548,NMSCNONREF
3901320009000202945
:86:奉化大润发商业有限公司 中国工商银行股份有限公司宁波奉化支行
//,
:62F:D180102CNY186674989,22
-}{5:{CHK:}}

{1:}{2:IN}{3:{108:CTIS}}{4:
:20:37101985510050403879
:25:37101985510050403879
:28C:5004/1
:60F:D180102CNY186674989,22
:61:1801020102CD10800,NMSCNONREF
1306020709300078487
:86:青岛润泰事业有限公司马鞍山分公司 中国工商银行马鞍山花山支行
//,
:62F:D180102CNY186685789,22
-}{5:{CHK:}}

{1:}{2:IN}{3:{108:CTIS}}{4:
:20:37101985510050403879
:25:37101985510050403879
:28C:5005/1
:60F:D180102CNY186685789,22
:61:1801020102CD10800,NMSCNONREF
1312000209022335670
:86:宿州大润发商业有限公司 中国工商银行股份有限公司宿州汴河支行
//,
:62F:D180102CNY186696589,22
-}{5:{CHK:}}

{1:}{2:IN}{3:{108:CTIS}}{4:
:20:37101985510050403879
:25:37101985510050403879
:28C:5006/1
:60F:D180102CNY186696589,22
:61:1801020102CD10800,NMSCNONREF
707063712018010030612
:86:长兴润瑞商业有限公司 交通银行湖州分行
//货款 54145
:62F:D180102CNY186707389,22
-}{5:{CHK:}}

{1:}{2:IN}{3:{108:CTIS}}{4:
:20:37101985510050403879
:25:37101985510050403879
:28C:5007/1
:60F:D180102CNY186707389,22
:61:1801020102CD10800,NMSCNONREF
33001617535059298116
:86:建德大润发商业有限公司 杭州建德支行营业部
//货款 54145
:62F:D180102CNY186718189,22
-}{5:{CHK:}}

{1:}{2:IN}{3:{108:CTIS}}{4:
:20:37101985510050403879
:25:37101985510050403879
:28C:5008/1
:60F:D180102CNY186718189,22
:61:1801020102CD10800,NMSCNONREF
10648001040005858
:86:宜兴大润发商业有限公司 中国农业银行宜兴阳羡支行
//货款 54145
:62F:D180102CNY186728989,22
-}{5:{CHK:}}

{1:}{2:IN}{3:{108:CTIS}}{4:
:20:37101985510050403879
:25:37101985510050403879
:28C:5009/1
:60F:D180102CNY186728989,22
:61:1801020102CD20076,4NMSCNONREF
1204070009300019897
:86:嘉善大润发商业有限公司 中国工商银行股份有限公司嘉善支行
//,
:62F:D180102CNY186749065,62
-}{5:{CHK:}}

{1:}{2:IN}{3:{108:CTIS}}{4:
:20:37101985510050403879
:25:37101985510050403879
:28C:5010/1
:60F:D180102CNY186749065,62
:61:1801020102CD10800,NMSCNONREF
1208030009200177609
:86:永康润泰商业有限公司 中国工商银行股份有限公司永康支行
//,
:62F:D180102CNY186759865,62
-}{5:{CHK:}}

{1:}{2:IN}{3:{108:CTIS}}{4:
:20:37101985510050403879
:25:37101985510050403879
:28C:5011/1
:60F:D180102CNY186759865,62
:61:1801020102CD10800,NMSCNONREF
1205220009001070811
:86:青岛润泰事业有限公司湖州分公司 中国工商银行湖州经济开发区支行
//,
:62F:D180102CNY186770665,62
-}{5:{CHK:}}

{1:}{2:IN}{3:{108:CTIS}}{4:
:20:37101985510050403879
:25:37101985510050403879
:28C:5012/1
:60F:D180102CNY186770665,62
:61:1801020102CD10800,NMSCNONREF
1109621009200175578
:86:东台大润发商业有限公司 工商银行东台市支行
//,
:62F:D180102CNY186781465,62
-}{5:{CHK:}}

{1:}{2:IN}{3:{108:CTIS}}{4:
:20:37101985510050403879
:25:37101985510050403879
:28C:5013/1
:60F:D180102CNY186781465,62
:61:1801020102CD14895,NMSCNONREF
1111426019100009166
:86:南通通州润泰商业有限公司 中国工商银行股份有限公司南通城中支行
//,
:62F:D180102CNY186796360,62
-}{5:{CHK:}}

{1:}{2:IN}{3:{108:CTIS}}{4:
:20:37101985510050403879
:25:37101985510050403879
:28C:5014/1
:60F:D180102CNY186796360,62
:61:1801020102CD15570,NMSCNONREF
1103021119200864436
:86:无锡天润发超市有限公司 中国工商银行股份有限公司无锡滨湖支行
//,
:62F:D180102CNY186811930,62
-}{5:{CHK:}}

{1:}{2:IN}{3:{108:CTIS}}{4:
:20:37101985510050403879
:25:37101985510050403879
:28C:5015/1
:60F:D180102CNY186811930,62
:61:1801020102CD10800,NMSCNONREF
1106020609200339665
:86:徐州润平商业有限公司 中国工商银行徐州市淮海西路支行
//,
:62F:D180102CNY186822730,62
-}{5:{CHK:}}

{1:}{2:IN}{3:{108:CTIS}}{4:
:20:37101985510050403879
:25:37101985510050403879
:28C:5016/1
:60F:D180102CNY186822730,62
:61:1801020102CD10800,NMSCNONREF
1001701109300179755
:86:上海嘉定安亭大润发商贸有限公司 中国工商银行上海市安亭支行
//,
:62F:D180102CNY186833530,62
-}{5:{CHK:}}

{1:}{2:IN}{3:{108:CTIS}}{4:
:20:37101985510050403879
:25:37101985510050403879
:28C:5017/1
:60F:D180102CNY186833530,62
:61:1801020102CD10800,NMSCNONREF
1111821719100888855
:86:南通润华商业有限公司 中国工商银行南通市青年路支行
//,
:62F:D180102CNY186844330,62
-}{5:{CHK:}}

{1:}{2:IN}{3:{108:CTIS}}{4:
:20:37101985510050403879
:25:37101985510050403879
:28C:5018/1
:60F:D180102CNY186844330,62
:61:1801020102CD10800,NMSCNONREF
1115020909001858185
:86:泰州市海陵区润轩商业有限公司 中国工商银行股份有限公司泰州新区支行
//,
:62F:D180102CNY186855130,62
-}{5:{CHK:}}

{1:}{2:IN}{3:{108:CTIS}}{4:
:20:37101985510050403879
:25:37101985510050403879
:28C:5019/1
:60F:D180102CNY186855130,62
:61:1801020102CD24920,NMSCNONREF
1105021009000028212
:86:常州长虹大润发商业有限公司 中国工商银行常州市武进支行
//,
:62F:D180102CNY186880050,62
-}{5:{CHK:}}

{1:}{2:IN}{3:{108:CTIS}}{4:
:20:37101985510050403879
:25:37101985510050403879
:28C:5020/1
:60F:D180102CNY186880050,62
:61:1801020102CD27101,8NMSCNONREF
1102023709000029389
:86:昆山千灯润平商业有限公司 中国工商银行昆山千灯支行
//,
:62F:D180102CNY186907152,42
-}{5:{CHK:}}

{1:}{2:IN}{3:{108:CTIS}}{4:
:20:37101985510050403879
:25:37101985510050403879
:28C:5021/1
:60F:D180102CNY186907152,42
:61:1801020102CD10800,NMSCNONREF
1111821219106888880
:86:南通润良商业有限公司 中国工商银行南通人民路支行
//,
:62F:D180102CNY186917952,42
-}{5:{CHK:}}

{1:}{2:IN}{3:{108:CTIS}}{4:
:20:37101985510050403879
:25:37101985510050403879
:28C:5022/1
:60F:D180102CNY186917952,42
:61:1801020102CD18628,5NMSCNONREF
4301010019101143604
:86:南京中商金润发鼓楼购物中心有限公司 中国工商银行南京市新街口支行
//,
:62F:D180102CNY186936580,92
-}{5:{CHK:}}

{1:}{2:IN}{3:{108:CTIS}}{4:
:20:37101985510050403879
:25:37101985510050403879
:28C:5023/1
:60F:D180102CNY186936580,92
:61:1801020102CD28875,NMSCNONREF
1111821219106888880
:86:南通润良商业有限公司 中国工商银行南通人民路支行
//,
:62F:D180102CNY186965455,92
-}{5:{CHK:}}

{1:}{2:IN}{3:{108:CTIS}}{4:
:20:37101985510050403879
:25:37101985510050403879
:28C:5024/1
:60F:D180102CNY186965455,92
:61:1801020102CD10800,NMSCNONREF
1104090509200119696
:86:镇江京口润京商业有限公司 中国工商银行股份有限公司镇江桃花坞支行
//,
:62F:D180102CNY186976255,92
-}{5:{CHK:}}

{1:}{2:IN}{3:{108:CTIS}}{4:
:20:37101985510050403879
:25:37101985510050403879
:28C:5025/1
:60F:D180102CNY186976255,92
:61:1801020102CD10800,NMSCNONREF
1115871709000008350
:86:泰兴润泰商业有限公司 中国工商银行股份有限公司泰兴新区支行
//,
:62F:D180102CNY186987055,92
-}{5:{CHK:}}

{1:}{2:IN}{3:{108:CTIS}}{4:
:20:37101985510050403879
:25:37101985510050403879
:28C:5026/1
:60F:D180102CNY186987055,92
:61:1801020102CD47701,NMSCNONREF
1105021819001196975
:86:常州关河大润发商业有限公司 中国工商银行常州市小营前支行
//,
:62F:D180102CNY187034756,92
-}{5:{CHK:}}

{1:}{2:IN}{3:{108:CTIS}}{4:
:20:37101985510050403879
:25:37101985510050403879
:28C:5027/1
:60F:D180102CNY187034756,92
:61:1801020102CD10800,NMSCNONREF
1110040109200106401
:86:淮安经济技术开发区润宝商业有限公司 中国工商银行淮安市新区支行
//,
:62F:D180102CNY187045556,92
-}{5:{CHK:}}

{1:}{2:IN}{3:{108:CTIS}}{4:
:20:37101985510050403879
:25:37101985510050403879
:28C:5028/1
:60F:D180102CNY187045556,92
:61:1801020102CD10800,NMSCNONREF
1110070109200229639
:86:淮安楚州润州商业有限公司 中国工商银行淮安市楚州支行
//,
:62F:D180102CNY187056356,92
-}{5:{CHK:}}

{1:}{2:IN}{3:{108:CTIS}}{4:
:20:37101985510050403879
:25:37101985510050403879
:28C:5029/1
:60F:D180102CNY187056356,92
:61:1801020102CD10800,NMSCNONREF
1110050109200109601
:86:淮安润淮商业有限公司 中国工商银行淮安市城北支行
//,
:62F:D180102CNY187067156,92
-}{5:{CHK:}}

{1:}{2:IN}{3:{108:CTIS}}{4:
:20:37101985510050403879
:25:37101985510050403879
:28C:5030/1
:60F:D180102CNY187067156,92
:61:1801020102CD10800,NMSCNONREF
1102024019000165337
:86:昆山润华商业有限公司太仓分公司 中国工商银行太仓市支行
//,
:62F:D180102CNY187077956,92
-}{5:{CHK:}}

{1:}{2:IN}{3:{108:CTIS}}{4:
:20:37101985510050403879
:25:37101985510050403879
:28C:5031/1
:60F:D180102CNY187077956,92
:61:1801020102CD10800,NMSCNONREF
1109610409000088958
:86:建湖大润发商业有限公司 工商银行建湖县支行
//,
:62F:D180102CNY187088756,92
-}{5:{CHK:}}

{1:}{2:IN}{3:{108:CTIS}}{4:
:20:37101985510050403879
:25:37101985510050403879
:28C:5032/1
:60F:D180102CNY187088756,92
:61:1801020102CD10800,NMSCNONREF
1116060009000193854
:86:沭阳润泰商业有限公司 中国工商银行沭阳县支行营业部
//,
:62F:D180102CNY187099556,92
-}{5:{CHK:}}

{1:}{2:IN}{3:{108:CTIS}}{4:
:20:37101985510050403879
:25:37101985510050403879
:28C:5033/1
:60F:D180102CNY187099556,92
:61:1801020102CD10800,NMSCNONREF
1102028009000118802
:86:青岛润泰事业有限公司张家港分公司 中国工商银行张家港园林路分理处
//,
:62F:D180102CNY187110356,92
-}{5:{CHK:}}

{1:}{2:IN}{3:{108:CTIS}}{4:
:20:37101985510050403879
:25:37101985510050403879
:28C:5034/1
:60F:D180102CNY187110356,92
:61:1801020102CD10800,NMSCNONREF
1102027609000081921
:86:张家港大润发商业有限公司 中国工商银行张家港塘桥支行
//,
:62F:D180102CNY187121156,92
-}{5:{CHK:}}

{1:}{2:IN}{3:{108:CTIS}}{4:
:20:37101985510050403879
:25:37101985510050403879
:28C:5035/1
:60F:D180102CNY187121156,92
:61:1801020102CD10800,NMSCNONREF
1105020509001998091
:86:常州怀德大润发商业有限公司 中国工商银行常州市钟楼支行
//,
:62F:D180102CNY187131956,92
-}{5:{CHK:}}

{1:}{2:IN}{3:{108:CTIS}}{4:
:20:37101985510050403879
:25:37101985510050403879
:28C:5036/1
:60F:D180102CNY187131956,92
:61:1801020102CD10800,NMSCNONREF
1109661809300098636
:86:盐城大润发商业有限公司 中国工商银行盐城盐都支行
//,
:62F:D180102CNY187142756,92
-}{5:{CHK:}}

{1:}{2:IN}{3:{108:CTIS}}{4:
:20:37101985510050403879
:25:37101985510050403879
:28C:5037/1
:60F:D180102CNY187142756,92
:61:1801020102CD10800,NMSCNONREF
1001809409000000438
:86:上海泥城大润发商贸有限公司 中国工商银行股份有限公司上海市泥城支行
//,
:62F:D180102CNY187153556,92
-}{5:{CHK:}}

{1:}{2:IN}{3:{108:CTIS}}{4:
:20:37101985510050403879
:25:37101985510050403879
:28C:5038/1
:60F:D180102CNY187153556,92
:61:1801020102CD19631,35NMSCNONREF
3901320009000202945
:86:奉化大润发商业有限公司 中国工商银行股份有限公司宁波奉化支行
//,
:62F:D180102CNY187173188,27
-}{5:{CHK:}}

{1:}{2:IN}{3:{108:CTIS}}{4:
:20:37101985510050403879
:25:37101985510050403879
:28C:5039/1
:60F:D180102CNY187173188,27
:61:1801020102CD10800,NMSCNONREF
3901300009000334216
:86:慈溪观海卫大润发商业有限公司 中国工商银行股份有限公司慈溪分行
//,
:62F:D180102CNY187183988,27
-}{5:{CHK:}}

{1:}{2:IN}{3:{108:CTIS}}{4:
:20:37101985510050403879
:25:37101985510050403879
:28C:5040/1
:60F:D180102CNY187183988,27
:61:1801020102CD6390,NMSCNONREF
1316011109200117470
:86:池州大润发商业有限公司 中国工商银行股份有限公司池州浦西支行
//,
:62F:D180102CNY187190378,27
-}{5:{CHK:}}

{1:}{2:IN}{3:{108:CTIS}}{4:
:20:37101985510050403879
:25:37101985510050403879
:28C:5041/1
:60F:D180102CNY187190378,27
:61:1801020102CD10800,NMSCNONREF
1311262309200088868
:86:太和县大润发商业有限公司 中国工商银行阜阳分行业务处理中心
//电子汇入
:62F:D180102CNY187201178,27
-}{5:{CHK:}}

{1:}{2:IN}{3:{108:CTIS}}{4:
:20:37101985510050403879
:25:37101985510050403879
:28C:5042/1
:60F:D180102CNY187201178,27
:61:1801020102CD10800,NMSCNONREF
19799901040003208
:86:昆山润华商业有限公司衢州大润发分公司 中国农业银行衢州市分行会计核算中心
//货款 54145
:62F:D180102CNY187211978,27
-}{5:{CHK:}}

{1:}{2:IN}{3:{108:CTIS}}{4:
:20:37101985510050403879
:25:37101985510050403879
:28C:5043/1
:60F:D180102CNY187211978,27
:61:1801020102CD10800,NMSCNONREF
39304001040003650
:86:昆山润华商业有限公司宁波北仑分公司 中国农业银行股份有限公司宁波北仑分行
//货款 54145
:62F:D180102CNY187222778,27
-}{5:{CHK:}}

{1:}{2:IN}{3:{108:CTIS}}{4:
:20:37101985510050403879
:25:37101985510050403879
:28C:5044/1
:60F:D180102CNY187222778,27
:61:1801020102CD10800,NMSCNONREF
10648301040015828
:86:宜兴大润发商业有限公司城南分公司 中国农业银行宜兴环科园支行
//货款 54145
:62F:D180102CNY187233578,27
-}{5:{CHK:}}

{1:}{2:IN}{3:{108:CTIS}}{4:
:20:37101985510050403879
:25:37101985510050403879
:28C:5045/1
:60F:D180102CNY187233578,27
:61:1801020102CD10800,NMSCNONREF
354559044386
:86:桐庐大润发商业有限公司 中国银行桐庐支行
//货款 54145
:62F:D180102CNY187244378,27
-}{5:{CHK:}}

{1:}{2:IN}{3:{108:CTIS}}{4:
:20:37101985510050403879
:25:37101985510050403879
:28C:5046/1
:60F:D180102CNY187244378,27
:61:1801020102CD10800,NMSCNONREF
364958332332
:86:象山大润发商业有限公司 中国银行股份有限公司象山支行
//货款 54145
:62F:D180102CNY187255178,27
-}{5:{CHK:}}

{1:}{2:IN}{3:{108:CTIS}}{4:
:20:37101985510050403879
:25:37101985510050403879
:28C:5047/1
:60F:D180102CNY187255178,27
:61:1801020102CD27553,55NMSCNONREF
541758209411
:86:宿迁润良商业有限公司 中国银行股份有限公司宿迁西湖路支行
//货款 54145
:62F:D180102CNY187282731,82
-}{5:{CHK:}}

{1:}{2:IN}{3:{108:CTIS}}{4:
:20:37101985510050403879
:25:37101985510050403879
:28C:5048/1
:60F:D180102CNY187282731,82
:61:1801020102CD10800,NMSCNONREF
541758209411
:86:宿迁润良商业有限公司 中国银行股份有限公司宿迁西湖路支行
//货款 54145
:62F:D180102CNY187293531,82
-}{5:{CHK:}}

{1:}{2:IN}{3:{108:CTIS}}{4:
:20:37101985510050403879
:25:37101985510050403879
:28C:5049/1
:60F:D180102CNY187293531,82
:61:1801020102CD10800,NMSCNONREF
539159477659
:86:南通通润发超市有限公司 中国银行股份有限公司南通长桥支行
//货款 54145
:62F:D180102CNY187304331,82
-}{5:{CHK:}}

{1:}{2:IN}{3:{108:CTIS}}{4:
:20:37101985510050403879
:25:37101985510050403879
:28C:5050/1
:60F:D180102CNY187304331,82
:61:1801020102CD10800,NMSCNONREF
94120155300001237
:86:慈溪大润发商贸有限公司 上海浦东发展银行宁波分行
//货款 54145
:62F:D180102CNY187315131,82
-}{5:{CHK:}}

{1:}{2:IN}{3:{108:CTIS}}{4:
:20:37101985510050403879
:25:37101985510050403879
:28C:5051/1
:60F:D180102CNY187315131,82
:61:1801020102CD10800,NMSCNONREF
333831300018010024543
:86:昆山润华商业有限公司瑞安分公司 交通银行温州分行营业部
//货款 54145
:62F:D180102CNY187325931,82
-}{5:{CHK:}}

{1:}{2:IN}{3:{108:CTIS}}{4:
:20:37101985510050403879
:25:37101985510050403879
:28C:5052/1
:60F:D180102CNY187325931,82
:61:1801020102CD10800,NMSCNONREF
179700786207
:86:阜阳大润发商业有限公司 中国银行股份有限公司阜阳分行营业部
//货款 54145
:62F:D180102CNY187336731,82
-}{5:{CHK:}}

{1:}{2:IN}{3:{108:CTIS}}{4:
:20:37101985510050403879
:25:37101985510050403879
:28C:5053/1
:60F:D180102CNY187336731,82
:61:1801020102CD10800,NMSCNONREF
539160773382
:86:常熟大润发超市有限公司 中国银行股份有限公司常熟湖圩支行
//货款 54145
:62F:D180102CNY187347531,82
-}{5:{CHK:}}

{1:}{2:IN}{3:{108:CTIS}}{4:
:20:37101985510050403879
:25:37101985510050403879
:28C:5054/1
:60F:D180102CNY187347531,82
:61:1801020102CD10800,NMSCNONREF
496259584242
:86:溧阳大润发商业有限公司 中国银行股份有限公司溧阳新区支行
//货款 54145
:62F:D180102CNY187358331,82
-}{5:{CHK:}}

{1:}{2:IN}{3:{108:CTIS}}{4:
:20:37101985510050403879
:25:37101985510050403879
:28C:5055/1
:60F:D180102CNY187358331,82
:61:1801020102CD10000,NMSCNONREF
90030188000069253
:86:扬州冰安制冷设备有限公司 江苏银行股份有限公司
//出金定金
:62F:D180102CNY187368331,82
-}{5:{CHK:}}

{1:}{2:IN}{3:{108:CTIS}}{4:
:20:37101985510050403879
:25:37101985510050403879
:28C:5056/1
:60F:D180102CNY187368331,82
:61:1801020102CD10162,1NMSCNONREF
19270188000107945
:86:深圳万城节能股份有限公司 江苏银行股份有限公司深圳南山支行
//采购支付
:62F:D180102CNY187378493,92
-}{5:{CHK:}}

{1:}{2:IN}{3:{108:CTIS}}{4:
:20:37101985510050403879
:25:37101985510050403879
:28C:5057/1
:60F:D180102CNY187378493,92
:61:1801020102CD132607,NMSCNONREF
31050180470000000300
:86:上海凯觅制冷设备有限公司 建行上海莘松路支行
//货款QHC171206FDCS
:62F:D180102CNY187511100,92
-}{5:{CHK:}}

{1:}{2:IN}{3:{108:CTIS}}{4:
:20:37101985510050403879
:25:37101985510050403879
:28C:5058/1
:60F:D180102CNY187511100,92
:61:1801020102CD16380,NMSCNONREF
35001880007052524564
:86:北京永辉超市有限公司 建行福州城南支行营业厅
//028171108000138费用
:62F:D180102CNY187527480,92
-}{5:{CHK:}}

{1:}{2:IN}{3:{108:CTIS}}{4:
:20:37101985510050403879
:25:37101985510050403879
:28C:5059/1
:60F:D180102CNY187527480,92
:61:1801020102CD350,NMSCNONREF
42201331401050201810
:86:宜昌市天歌制冷设备有限公司 建行宜昌星火路支行
//货款
:62F:D180102CNY187527830,92
-}{5:{CHK:}}

{1:}{2:IN}{3:{108:CTIS}}{4:
:20:37101985510050403879
:25:37101985510050403879
:28C:5060/1
:60F:D180102CNY187527830,92
:61:1801020102CD760962,63NMSCNONREF
23001866751050506043
:86:哈尔滨润富商业有限公司 建行哈尔滨开发区支行
//货款
:62F:D180102CNY188288793,55
-}{5:{CHK:}}

{1:}{2:IN}{3:{108:CTIS}}{4:
:20:37101985510050403879
:25:37101985510050403879
:28C:5061/1
:60F:D180102CNY188288793,55
:61:1801020102CD50,NMSCNONREF
42201331401050201810
:86:宜昌市天歌制冷设备有限公司 建行宜昌星火路支行
//货款
:62F:D180102CNY188288843,55
-}{5:{CHK:}}

{1:}{2:IN}{3:{108:CTIS}}{4:
:20:37101985510050403879
:25:37101985510050403879
:28C:5062/1
:60F:D180102CNY188288843,55
:61:1801020102CD114778,NMSCNONREF
352000675018000490428
:86:厦门美联科尔曼制冷有限公司 交通银行厦门分行滨北支行
//货款
:62F:D180102CNY188403621,55
-}{5:{CHK:}}

{1:}{2:IN}{3:{108:CTIS}}{4:
:20:37101985510050403879
:25:37101985510050403879
:28C:5063/1
:60F:D180102CNY188403621,55
:61:1801020102CD83326,NMSCNONREF
31040188000077850
:86:南京利之行机电工程有限公司 江苏银行股份有限公司
//出金配件
:62F:D180102CNY188486947,55
-}{5:{CHK:}}

{1:}{2:IN}{3:{108:CTIS}}{4:
:20:37101985510050403879
:25:37101985510050403879
:28C:5064/1
:60F:D180103CNY188486947,55
:61:1801030103CD92201,9NMSCNONREF
15158101040020519
:86:济南新利恒宇商贸有限公司 中国农业银行济南市和平支行
//货款
:62F:D180103CNY188579149,45
-}{5:{CHK:}}

{1:}{2:IN}{3:{108:CTIS}}{4:
:20:37101985510050403879
:25:37101985510050403879
:28C:5065/1
:60F:D180103CNY188579149,45
:61:1801030103CD131700,NMSCNONREF
90030188000069253
:86:扬州冰安制冷设备有限公司 江苏银行股份有限公司
//出金QHC1712197FDT货款
:62F:D180103CNY188710849,45
-}{5:{CHK:}}

{1:}{2:IN}{3:{108:CTIS}}{4:
:20:37101985510050403879
:25:37101985510050403879
:28C:5066/1
:60F:D180103CNY188710849,45
:61:1801030103CD589,NMSCNONREF
0301000103000080140
:86:北京欣实佳捷英商贸有限公司 北京农村商业银行股份有限公司石景山支行营业部
//电子汇入
:62F:D180103CNY188711438,45
-}{5:{CHK:}}

{1:}{2:IN}{3:{108:CTIS}}{4:
:20:37101985510050403879
:25:37101985510050403879
:28C:5067/1
:60F:D180103CNY188711438,45
:61:1801030103CD962,NMSCNONREF
152401117113
:86:内蒙古富苑制冷设备有限公司 中国银行股份有限公司呼和浩特市财险大厦支行
//电子汇入
:62F:D180103CNY188712400,45
-}{5:{CHK:}}

{1:}{2:IN}{3:{108:CTIS}}{4:
:20:37101985510050403879
:25:37101985510050403879
:28C:5068/1
:60F:D180103CNY188712400,45
:61:1801030103CD383,NMSCNONREF
1022401021000847936
:86:安徽利克冷链节能设备有限公司 徽商银行股份有限公司合肥濉溪路支行
//配件款
:62F:D180103CNY188712783,45
-}{5:{CHK:}}

{1:}{2:IN}{3:{108:CTIS}}{4:
:20:37101985510050403879
:25:37101985510050403879
:28C:5069/1
:60F:D180103CNY188712783,45
:61:1801030103CD13056,NMSCNONREF
4402006909000038708
:86:成都安瑞通商贸有限公司 中国工商银行股份有限公司四川省分行营业部业务处理中心
//电子汇入
:62F:D180103CNY188725839,45
-}{5:{CHK:}}

{1:}{2:IN}{3:{108:CTIS}}{4:
:20:37101985510050403879
:25:37101985510050403879
:28C:5070/1
:60F:D180103CNY188725839,45
:61:1801030103CD1822,NMSCNONREF
201000171520553
:86:杭州雪润制冷设备有限公司 杭州联合农村商业银行股份有限公司清算中心
//货款(网银转账，有误即退)
:62F:D180103CNY188727661,45
-}{5:{CHK:}}

{1:}{2:IN}{3:{108:CTIS}}{4:
:20:37101985510050403879
:25:37101985510050403879
:28C:5071/1
:60F:D180103CNY188727661,45
:61:1801030103CD140,NMSCNONREF
1170314000000003479
:86:济南拓峰制冷设备有限公司 齐鲁银行
//货款
:62F:D180103CNY188727801,45
-}{5:{CHK:}}

{1:}{2:IN}{3:{108:CTIS}}{4:
:20:37101985510050403879
:25:37101985510050403879
:28C:5072/1
:60F:D180103CNY188727801,45
:61:1801030103CD1287,NMSCNONREF
11001016200053004964
:86:北京京亨红运商贸有限公司 建行北京丰台支行
//货款
:62F:D180103CNY188729088,45
-}{5:{CHK:}}

{1:}{2:IN}{3:{108:CTIS}}{4:
:20:37101985510050403879
:25:37101985510050403879
:28C:5073/1
:60F:D180103CNY188729088,45
:61:1801030103CD410,NMSCNONREF
1170314000000003479
:86:济南拓峰制冷设备有限公司 齐鲁银行
//货款
:62F:D180103CNY188729498,45
-}{5:{CHK:}}

{1:}{2:IN}{3:{108:CTIS}}{4:
:20:37101985510050403879
:25:37101985510050403879
:28C:5074/1
:60F:D180103CNY188729498,45
:61:1801030103CD298,NMSCNONREF
31050180470000000300
:86:上海凯觅制冷设备有限公司 建行上海莘松路支行
//货款
:62F:D180103CNY188729796,45
-}{5:{CHK:}}

{1:}{2:IN}{3:{108:CTIS}}{4:
:20:37101985510050403879
:25:37101985510050403879
:28C:5075/1
:60F:D180103CNY188729796,45
:61:1801030103CD504,NMSCNONREF
1202052909900044335
:86:杭州冠宏制冷设备有限公司 中国工商银行股份有限公司浙江省分行营业部核算中心
//电子汇入
:62F:D180103CNY188730300,45
-}{5:{CHK:}}

{1:}{2:IN}{3:{108:CTIS}}{4:
:20:37101985510050403879
:25:37101985510050403879
:28C:5076/1
:60F:D180103CNY188730300,45
:61:1801030103CD37918,4NMSCNONREF
2105408019300027076
:86:广西联华超市股份有限公司 中国工商银行柳州市城中支行
//电子汇入
:62F:D180103CNY188768218,85
-}{5:{CHK:}}

{1:}{2:IN}{3:{108:CTIS}}{4:
:20:37101985510050403879
:25:37101985510050403879
:28C:5077/1
:60F:D180103CNY188768218,85
:61:1801030103CD566,NMSCNONREF
52001413600052506481
:86:贵州佳莱仕制冷设备有限公司 建行贵阳城北支行
//购配件款
:62F:D180103CNY188768784,85
-}{5:{CHK:}}

{1:}{2:IN}{3:{108:CTIS}}{4:
:20:37101985510050403879
:25:37101985510050403879
:28C:5078/1
:60F:D180103CNY188768784,85
:61:1801030103CD225000,NMSCNONREF
04191001040006840
:86:山西妈妈宝贝美特好孕婴童用品有限公司 中国农业银行股份有限公司山西省分行营业部
//预付工程款
:62F:D180103CNY188993784,85
-}{5:{CHK:}}

{1:}{2:IN}{3:{108:CTIS}}{4:
:20:37101985510050403879
:25:37101985510050403879
:28C:5079/1
:60F:D180103CNY188993784,85
:61:1801030103CD10000,NMSCNONREF
380558330032
:86:宁波曜达商用设备有限公司 中国银行股份有限公司宁波四眼碶支行
//货款
:62F:D180103CNY189003784,85
-}{5:{CHK:}}

{1:}{2:IN}{3:{108:CTIS}}{4:
:20:37101985510050403879
:25:37101985510050403879
:28C:5080/1
:60F:D180103CNY189003784,85
:61:1801030103CD356050,NMSCNONREF
61001930041052506094
:86:西安越卓工贸有限公司 建行西安经济技术开发区支行
//货款
:62F:D180103CNY189359834,85
-}{5:{CHK:}}

{1:}{2:IN}{3:{108:CTIS}}{4:
:20:37101985510050403879
:25:37101985510050403879
:28C:5081/1
:60F:D180104CNY189359834,85
:61:1801040104CD17028,NMSCNONREF
152401117113
:86:内蒙古富苑制冷设备有限公司 中国银行股份有限公司呼和浩特市财险大厦支行
//电子汇入
:62F:D180104CNY189376862,85
-}{5:{CHK:}}

{1:}{2:IN}{3:{108:CTIS}}{4:
:20:37101985510050403879
:25:37101985510050403879
:28C:5082/1
:60F:D180104CNY189376862,85
:61:1801040104CD20572,8NMSCNONREF
2801012090084651
:86:南宁市古得制冷设备工程有限公司 广西北部湾银行股份有限公司南宁市民族支行
//货款
:62F:D180104CNY189397435,65
-}{5:{CHK:}}

{1:}{2:IN}{3:{108:CTIS}}{4:
:20:37101985510050403879
:25:37101985510050403879
:28C:5083/1
:60F:D180104CNY189397435,65
:61:1801040104CD9552,NMSCNONREF
502020100100015095
:86:南昌三合商用设备有限公司 兴业银行股份有限公司南昌桃苑支行
//货款
:62F:D180104CNY189406987,65
-}{5:{CHK:}}

{1:}{2:IN}{3:{108:CTIS}}{4:
:20:37101985510050403879
:25:37101985510050403879
:28C:5084/1
:60F:D180104CNY189406987,65
:61:1801040104CD50,NMSCNONREF
31050180470000000300
:86:上海凯觅制冷设备有限公司 建行上海莘松路支行
//货款
:62F:D180104CNY189407037,65
-}{5:{CHK:}}

{1:}{2:IN}{3:{108:CTIS}}{4:
:20:37101985510050403879
:25:37101985510050403879
:28C:5085/1
:60F:D180104CNY189407037,65
:61:1801040104CD15700,NMSCNONREF
5431210009533119
:86:广州易初莲花连锁超市有限公司 星展银行（中国）有限公司广州分行
//支付西樵店制冷系统1and2and3of3
:62F:D180104CNY189422737,65
-}{5:{CHK:}}

{1:}{2:IN}{3:{108:CTIS}}{4:
:20:37101985510050403879
:25:37101985510050403879
:28C:5086/1
:60F:D180104CNY189422737,65
:61:1801040104CD34416,NMSCNONREF
43001508062050000866
:86:株洲市建工冷冻设备有限公司 建行株洲市分行营业部
//货款
:62F:D180104CNY189457153,65
-}{5:{CHK:}}

{1:}{2:IN}{3:{108:CTIS}}{4:
:20:37101985510050403879
:25:37101985510050403879
:28C:5087/1
:60F:D180104CNY189457153,65
:61:1801040104CD620,NMSCNONREF
2801012090084651
:86:南宁市古得制冷设备工程有限公司 广西北部湾银行股份有限公司南宁市民族支行
//货款
:62F:D180104CNY189457773,65
-}{5:{CHK:}}

{1:}{2:IN}{3:{108:CTIS}}{4:
:20:37101985510050403879
:25:37101985510050403879
:28C:5088/1
:60F:D180104CNY189457773,65
:61:1801040104CD363667,NMSCNONREF
50131000322594904
:86:上海冠欣机电设备工程有限公司 上海农商银行
//货款
:62F:D180104CNY189821440,65
-}{5:{CHK:}}

{1:}{2:IN}{3:{108:CTIS}}{4:
:20:37101985510050403879
:25:37101985510050403879
:28C:5089/1
:60F:D180104CNY189821440,65
:61:1801040104CD168110,NMSCNONREF
3602001119200230803
:86:广州富士冷机有限公司 中国工商银行股份有限公司广东省分行营业部
//电子汇入
:62F:D180104CNY189989550,65
-}{5:{CHK:}}

{1:}{2:IN}{3:{108:CTIS}}{4:
:20:37101985510050403879
:25:37101985510050403879
:28C:5130/1
:60F:D180105CNY182186364,04
:61:1801050105CD285638,NMSCNONREF
42201331401050201810
:86:宜昌市天歌制冷设备有限公司 建行宜昌星火路支行
//货款
:62F:D180105CNY182472002,04
-}{5:{CHK:}}

{1:}{2:IN}{3:{108:CTIS}}{4:
:20:37101985510050403879
:25:37101985510050403879
:28C:5131/1
:60F:D180105CNY182472002,04
:61:1801050105CD10800,NMSCNONREF
1702020219200102345
:86:郑州润瑞商业有限公司 中国工商银行河南省分行营业部
//电子汇入
:62F:D180105CNY182482802,04
-}{5:{CHK:}}

{1:}{2:IN}{3:{108:CTIS}}{4:
:20:37101985510050403879
:25:37101985510050403879
:28C:5132/1
:60F:D180105CNY182482802,04
:61:1801050105CD28875,NMSCNONREF
1702520819200001582
:86:郑州大润发商业有限公司 中国工商银行河南省分行营业部
//电子汇入
:62F:D180105CNY182511677,04
-}{5:{CHK:}}

{1:}{2:IN}{3:{108:CTIS}}{4:
:20:37101985510050403879
:25:37101985510050403879
:28C:5133/1
:60F:D180105CNY182511677,04
:61:1801050105CD10800,NMSCNONREF
1702520819200001582
:86:郑州大润发商业有限公司 中国工商银行河南省分行营业部
//电子汇入
:62F:D180105CNY182522477,04
-}{5:{CHK:}}

{1:}{2:IN}{3:{108:CTIS}}{4:
:20:37101985510050403879
:25:37101985510050403879
:28C:5134/1
:60F:D180105CNY182522477,04
:61:1801050105CD123280,NMSCNONREF
105028360138
:86:西宁扬翔商贸有限公司 中国银行股份有限公司青海省分行
//货款货款
:62F:D180105CNY182645757,04
-}{5:{CHK:}}

{1:}{2:IN}{3:{108:CTIS}}{4:
:20:37101985510050403879
:25:37101985510050403879
:28C:5135/1
:60F:D180105CNY182645757,04
:61:1801050105CD30668,38NMSCNONREF
209113976061
:86:烟台欧尚超市有限公司 中国银行股份有限公司烟台开发区支行
//货款
:62F:D180105CNY182676425,42
-}{5:{CHK:}}

{1:}{2:IN}{3:{108:CTIS}}{4:
:20:37101985510050403879
:25:37101985510050403879
:28C:5136/1
:60F:D180105CNY182676425,42
:61:1801050105CD29674,62NMSCNONREF
209113976061
:86:烟台欧尚超市有限公司 中国银行股份有限公司烟台开发区支行
//货款
:62F:D180105CNY182706100,04
-}{5:{CHK:}}

{1:}{2:IN}{3:{108:CTIS}}{4:
:20:37101985510050403879
:25:37101985510050403879
:28C:5137/1
:60F:D180105CNY182706100,04
:61:1801050105CD21120,NMSCNONREF
209113976061
:86:烟台欧尚超市有限公司 中国银行股份有限公司烟台开发区支行
//货款
:62F:D180105CNY182727220,04
-}{5:{CHK:}}

{1:}{2:IN}{3:{108:CTIS}}{4:
:20:37101985510050403879
:25:37101985510050403879
:28C:5138/1
:60F:D180105CNY182727220,04
:61:1801050105CD3634,NMSCNONREF
1614028019200172862
:86:威海润泰商业有限公司 中国工商银行威海高技术产业开发区支行
//电子汇入
:62F:D180105CNY182730854,04
-}{5:{CHK:}}

{1:}{2:IN}{3:{108:CTIS}}{4:
:20:37101985510050403879
:25:37101985510050403879
:28C:5139/1
:60F:D180105CNY182730854,04
:61:1801050105CD10800,NMSCNONREF
1614028019200172862
:86:威海润泰商业有限公司 中国工商银行威海高技术产业开发区支行
//电子汇入
:62F:D180105CNY182741654,04
-}{5:{CHK:}}

{1:}{2:IN}{3:{108:CTIS}}{4:
:20:37101985510050403879
:25:37101985510050403879
:28C:5140/1
:60F:D180105CNY182741654,04
:61:1801050105CD6589,5NMSCNONREF
1614028019200172862
:86:威海润泰商业有限公司 中国工商银行威海高技术产业开发区支行
//电子汇入
:62F:D180105CNY182748243,54
-}{5:{CHK:}}

{1:}{2:IN}{3:{108:CTIS}}{4:
:20:37101985510050403879
:25:37101985510050403879
:28C:5141/1
:60F:D180105CNY182748243,54
:61:1801050105CD28875,NMSCNONREF
3803027309200353849
:86:青岛春阳大润发商业有限公司城阳分公司 中国工商银行青岛市分行
//电子汇入
:62F:D180105CNY182777118,54
-}{5:{CHK:}}

{1:}{2:IN}{3:{108:CTIS}}{4:
:20:37101985510050403879
:25:37101985510050403879
:28C:5142/1
:60F:D180105CNY182777118,54
:61:1801050105CD39675,NMSCNONREF
0411001609300098121
:86:承德大润发商业有限公司 中国工商银行承德业务处理中心
//电子汇入
:62F:D180105CNY182816793,54
-}{5:{CHK:}}

{1:}{2:IN}{3:{108:CTIS}}{4:
:20:37101985510050403879
:25:37101985510050403879
:28C:5143/1
:60F:D180105CNY182816793,54
:61:1801050105CD28875,NMSCNONREF
1716020509000025777
:86:商丘润华商业有限公司 中国工商银行商丘分行会计业务处理中心
//电子汇入
:62F:D180105CNY182845668,54
-}{5:{CHK:}}

{1:}{2:IN}{3:{108:CTIS}}{4:
:20:37101985510050403879
:25:37101985510050403879
:28C:5144/1
:60F:D180105CNY182845668,54
:61:1801050105CD10800,NMSCNONREF
1716020509000025777
:86:商丘润华商业有限公司 中国工商银行商丘分行会计业务处理中心
//电子汇入
:62F:D180105CNY182856468,54
-}{5:{CHK:}}

{1:}{2:IN}{3:{108:CTIS}}{4:
:20:37101985510050403879
:25:37101985510050403879
:28C:5145/1
:60F:D180105CNY182856468,54
:61:1801050105CD10800,NMSCNONREF
0409001009245105886
:86:青岛润泰事业有限公司保定大润发分公司 中国工商银行保定业务处理中心
//电子汇入
:62F:D180105CNY182867268,54
-}{5:{CHK:}}

{1:}{2:IN}{3:{108:CTIS}}{4:
:20:37101985510050403879
:25:37101985510050403879
:28C:5146/1
:60F:D180105CNY182867268,54
:61:1801050105CD10800,NMSCNONREF
3803023009024865780
:86:青岛润泰事业有限公司 中国工商银行青岛市分行
//电子汇入
:62F:D180105CNY182878068,54
-}{5:{CHK:}}

{1:}{2:IN}{3:{108:CTIS}}{4:
:20:37101985510050403879
:25:37101985510050403879
:28C:5147/1
:60F:D180105CNY182878068,54
:61:1801050105CD10800,NMSCNONREF
41001555537052501676
:86:开封润泰商业有限公司 建行开封解放路支行
//货款
:62F:D180105CNY182888868,54
-}{5:{CHK:}}

{1:}{2:IN}{3:{108:CTIS}}{4:
:20:37101985510050403879
:25:37101985510050403879
:28C:5148/1
:60F:D180105CNY182888868,54
:61:1801050105CD10800,NMSCNONREF
937008010000987825
:86:日照大润发商业有限公司 中国邮政储蓄银行股份有限公司日照市正阳路支行
//电子汇入
:62F:D180105CNY182899668,54
-}{5:{CHK:}}

{1:}{2:IN}{3:{108:CTIS}}{4:
:20:37101985510050403879
:25:37101985510050403879
:28C:5149/1
:60F:D180105CNY182899668,54
:61:1801050105CD1291,7NMSCNONREF
100363264250010002
:86:北京润福商业有限公司 中国邮政储蓄银行股份有限公司北京朝阳区亚运村支行
//电子汇入
:62F:D180105CNY182900960,24
-}{5:{CHK:}}

{1:}{2:IN}{3:{108:CTIS}}{4:
:20:37101985510050403879
:25:37101985510050403879
:28C:5152/1
:60F:D180105CNY182437862,62
:61:1801050105CD8309,NMSCNONREF
50131000322594904
:86:上海冠欣机电设备工程有限公司 上海农商银行
//货款
:62F:D180105CNY182446171,62
-}{5:{CHK:}}

{1:}{2:IN}{3:{108:CTIS}}{4:
:20:37101985510050403879
:25:37101985510050403879
:28C:5153/1
:60F:D180105CNY182446171,62
:61:1801050105CD20440,NMSCNONREF
43001521268059666818
:86:常德大润发商业有限公司 建行常德武陵大道支行
//货款 950211
:62F:D180105CNY182466611,62
-}{5:{CHK:}}

{1:}{2:IN}{3:{108:CTIS}}{4:
:20:37101985510050403879
:25:37101985510050403879
:28C:5154/1
:60F:D180105CNY182466611,62
:61:1801050105CD10800,NMSCNONREF
43001521268059666818
:86:常德大润发商业有限公司 建行常德武陵大道支行
//货款 950211
:62F:D180105CNY182477411,62
-}{5:{CHK:}}

{1:}{2:IN}{3:{108:CTIS}}{4:
:20:37101985510050403879
:25:37101985510050403879
:28C:5155/1
:60F:D180105CNY182477411,62
:61:1801050105CD10800,NMSCNONREF
17576401040001467
:86:天门大润发商业有限公司 中国农业银行股份有限公司天门候口支行
//货款 950211
:62F:D180105CNY182488211,62
-}{5:{CHK:}}

{1:}{2:IN}{3:{108:CTIS}}{4:
:20:37101985510050403879
:25:37101985510050403879
:28C:5156/1
:60F:D180105CNY182488211,62
:61:1801050105CD10800,NMSCNONREF
17576401040001467
:86:天门大润发商业有限公司 中国农业银行股份有限公司天门候口支行
//货款 950211
:62F:D180105CNY182499011,62
-}{5:{CHK:}}

{1:}{2:IN}{3:{108:CTIS}}{4:
:20:37101985510050403879
:25:37101985510050403879
:28C:5157/1
:60F:D180105CNY182499011,62
:61:1801050105CD28875,NMSCNONREF
17576401040001467
:86:天门大润发商业有限公司 中国农业银行股份有限公司天门候口支行
//货款 950211
:62F:D180105CNY182527886,62
-}{5:{CHK:}}

{1:}{2:IN}{3:{108:CTIS}}{4:
:20:37101985510050403879
:25:37101985510050403879
:28C:5158/1
:60F:D180105CNY182527886,62
:61:1801050105CD10800,NMSCNONREF
42050181363809669999
:86:随州大润发商业有限公司 建行随州城中支行
//货款 950211
:62F:D180105CNY182538686,62
-}{5:{CHK:}}

{1:}{2:IN}{3:{108:CTIS}}{4:
:20:37101985510050403879
:25:37101985510050403879
:28C:5159/1
:60F:D180105CNY182538686,62
:61:1801050105CD10800,NMSCNONREF
18161101040008030
:86:株洲润华商业有限公司 中国农业银行股份有限公司株洲荷塘支行
//货款 950211
:62F:D180105CNY182549486,62
-}{5:{CHK:}}

{1:}{2:IN}{3:{108:CTIS}}{4:
:20:37101985510050403879
:25:37101985510050403879
:28C:5160/1
:60F:D180105CNY182549486,62
:61:1801050105CD10800,NMSCNONREF
42001626508053003959
:86:荆州大润发商业有限公司 建行荆州北湖支行
//货款 950211
:62F:D180105CNY182560286,62
-}{5:{CHK:}}

{1:}{2:IN}{3:{108:CTIS}}{4:
:20:37101985510050403879
:25:37101985510050403879
:28C:5161/1
:60F:D180105CNY182560286,62
:61:1801050105CD28875,NMSCNONREF
100868171270018888
:86:赣州大润发商业有限公司 中国邮政储蓄银行有限责任公司赣州文清路支行
//电子汇入
:62F:D180105CNY182589161,62
-}{5:{CHK:}}

{1:}{2:IN}{3:{108:CTIS}}{4:
:20:37101985510050403879
:25:37101985510050403879
:28C:5162/1
:60F:D180105CNY182589161,62
:61:1801050105CD10800,NMSCNONREF
100868171270018888
:86:赣州大润发商业有限公司 中国邮政储蓄银行有限责任公司赣州文清路支行
//电子汇入
:62F:D180105CNY182599961,62
-}{5:{CHK:}}

{1:}{2:IN}{3:{108:CTIS}}{4:
:20:37101985510050403879
:25:37101985510050403879
:28C:5163/1
:60F:D180105CNY182599961,62
:61:1801050105CD21772,97NMSCNONREF
431899991010003141966
:86:长沙宁乡润福商业有限公司 交通银行股份有限公司湖南省分行
//货款 950211
:62F:D180105CNY182621734,59
-}{5:{CHK:}}

{1:}{2:IN}{3:{108:CTIS}}{4:
:20:37101985510050403879
:25:37101985510050403879
:28C:5164/1
:60F:D180105CNY182621734,59
:61:1801050105CD21600,NMSCNONREF
431899991010003141966
:86:长沙宁乡润福商业有限公司 交通银行股份有限公司湖南省分行
//货款 950211
:62F:D180105CNY182643334,59
-}{5:{CHK:}}

{1:}{2:IN}{3:{108:CTIS}}{4:
:20:37101985510050403879
:25:37101985510050403879
:28C:5165/1
:60F:D180105CNY182643334,59
:61:1801050105CD10800,NMSCNONREF
122563516613
:86:眉山大润发商业有限公司 中国银行股份有限公司眉山东坡大道支行
//货款 950211
:62F:D180105CNY182654134,59
-}{5:{CHK:}}

{1:}{2:IN}{3:{108:CTIS}}{4:
:20:37101985510050403879
:25:37101985510050403879
:28C:5166/1
:60F:D180105CNY182654134,59
:61:1801050105CD10800,NMSCNONREF
125278517029
:86:南充润华商业有限公司 中国银行南充嘉陵支行
//货款 950211
:62F:D180105CNY182664934,59
-}{5:{CHK:}}

{1:}{2:IN}{3:{108:CTIS}}{4:
:20:37101985510050403879
:25:37101985510050403879
:28C:5167/1
:60F:D180105CNY182664934,59
:61:1801050105CD28875,NMSCNONREF
125278517029
:86:南充润华商业有限公司 中国银行南充嘉陵支行
//货款 950211
:62F:D180105CNY182693809,59
-}{5:{CHK:}}

{1:}{2:IN}{3:{108:CTIS}}{4:
:20:37101985510050403879
:25:37101985510050403879
:28C:5168/1
:60F:D180105CNY182693809,59
:61:1801050105CD10800,NMSCNONREF
42250133120109730566
:86:宜昌大润发商业有限公司 建行宜昌西陵支行
//货款 950211
:62F:D180105CNY182704609,59
-}{5:{CHK:}}

{1:}{2:IN}{3:{108:CTIS}}{4:
:20:37101985510050403879
:25:37101985510050403879
:28C:5171/1
:60F:D180105CNY182455175,15
:61:1801050105CD29098,31NMSCNONREF
36001550030059168888
:86:抚州大润发商业有限公司 建行抚州市分行营业部
//货款 950211
:62F:D180105CNY182484273,46
-}{5:{CHK:}}

{1:}{2:IN}{3:{108:CTIS}}{4:
:20:37101985510050403879
:25:37101985510050403879
:28C:5172/1
:60F:D180105CNY182484273,46
:61:1801050105CD10800,NMSCNONREF
36001550030059168888
:86:抚州大润发商业有限公司 建行抚州市分行营业部
//货款 950211
:62F:D180105CNY182495073,46
-}{5:{CHK:}}

{1:}{2:IN}{3:{108:CTIS}}{4:
:20:37101985510050403879
:25:37101985510050403879
:28C:5173/1
:60F:D180105CNY182495073,46
:61:1801050105CD10800,NMSCNONREF
36001050403052500955
:86:南昌青山湖大润发商业有限公司 建行南昌天泽园支行
//货款 950211
:62F:D180105CNY182505873,46
-}{5:{CHK:}}

{1:}{2:IN}{3:{108:CTIS}}{4:
:20:37101985510050403879
:25:37101985510050403879
:28C:5174/1
:60F:D180105CNY182505873,46
:61:1801050105CD2820,NMSCNONREF
42050167604000000129
:86:黄冈润华商业有限公司 建行黄冈长江支行
//货款 950211
:62F:D180105CNY182508693,46
-}{5:{CHK:}}

{1:}{2:IN}{3:{108:CTIS}}{4:
:20:37101985510050403879
:25:37101985510050403879
:28C:5175/1
:60F:D180105CNY182508693,46
:61:1801050105CD26562,73NMSCNONREF
42050167604000000129
:86:黄冈润华商业有限公司 建行黄冈长江支行
//货款 950211
:62F:D180105CNY182535256,19
-}{5:{CHK:}}

{1:}{2:IN}{3:{108:CTIS}}{4:
:20:37101985510050403879
:25:37101985510050403879
:28C:5176/1
:60F:D180105CNY182535256,19
:61:1801050105CD10800,NMSCNONREF
193223457816
:86:南昌西湖大润发商业有限公司 中国银行南昌市西湖支行
//货款 950211
:62F:D180105CNY182546056,19
-}{5:{CHK:}}

{1:}{2:IN}{3:{108:CTIS}}{4:
:20:37101985510050403879
:25:37101985510050403879
:28C:5177/1
:60F:D180105CNY182546056,19
:61:1801050105CD10800,NMSCNONREF
203719753585
:86:南昌澄湖大润发商业有限公司 中国银行南莲支行
//货款 950211
:62F:D180105CNY182556856,19
-}{5:{CHK:}}

{1:}{2:IN}{3:{108:CTIS}}{4:
:20:37101985510050403879
:25:37101985510050403879
:28C:5178/1
:60F:D180105CNY182556856,19
:61:1801050105CD10800,NMSCNONREF
119878525953
:86:南充润泰商业有限公司 中国银行南充石油东路支行
//货款 950211
:62F:D180105CNY182567656,19
-}{5:{CHK:}}

{1:}{2:IN}{3:{108:CTIS}}{4:
:20:37101985510050403879
:25:37101985510050403879
:28C:5179/1
:60F:D180105CNY182567656,19
:61:1801050105CD10800,NMSCNONREF
592463243459
:86:昆山润华商业有限公司长沙分公司 中国银行股份有限公司长沙市万家丽路支行
//货款 950211
:62F:D180105CNY182578456,19
-}{5:{CHK:}}

{1:}{2:IN}{3:{108:CTIS}}{4:
:20:37101985510050403879
:25:37101985510050403879
:28C:5180/1
:60F:D180105CNY182578456,19
:61:1801050105CD12140,NMSCNONREF
592463243459
:86:昆山润华商业有限公司长沙分公司 中国银行股份有限公司长沙市万家丽路支行
//货款 950211
:62F:D180105CNY182590596,19
-}{5:{CHK:}}

{1:}{2:IN}{3:{108:CTIS}}{4:
:20:37101985510050403879
:25:37101985510050403879
:28C:5181/1
:60F:D180105CNY182590596,19
:61:1801050105CD10800,NMSCNONREF
596363373607
:86:岳阳大润发商业有限公司 中国银行股份有限公司岳阳市岳阳楼支行
//货款 950211
:62F:D180105CNY182601396,19
-}{5:{CHK:}}

{1:}{2:IN}{3:{108:CTIS}}{4:
:20:37101985510050403879
:25:37101985510050403879
:28C:5182/1
:60F:D180105CNY182601396,19
:61:1801050105CD10800,NMSCNONREF
14001625208059502245
:86:大同大润发商业有限公司 建行大同迎宾路支行
//货款
:62F:D180105CNY182612196,19
-}{5:{CHK:}}

{1:}{2:IN}{3:{108:CTIS}}{4:
:20:37101985510050403879
:25:37101985510050403879
:28C:5183/1
:60F:D180105CNY182612196,19
:61:1801050105CD28875,NMSCNONREF
14001625208059502245
:86:大同大润发商业有限公司 建行大同迎宾路支行
//货款
:62F:D180105CNY182641071,19
-}{5:{CHK:}}

{1:}{2:IN}{3:{108:CTIS}}{4:
:20:37101985510050403879
:25:37101985510050403879
:28C:5184/1
:60F:D180105CNY182641071,19
:61:1801050105CD13515,NMSCNONREF
611301032018160055405
:86:西安大润发超市有限公司 交通银行股份有限公司陕西省分行
//货款 950211
:62F:D180105CNY182654586,19
-}{5:{CHK:}}

{1:}{2:IN}{3:{108:CTIS}}{4:
:20:37101985510050403879
:25:37101985510050403879
:28C:5185/1
:60F:D180105CNY182654586,19
:61:1801050105CD10800,NMSCNONREF
611301032018160055405
:86:西安大润发超市有限公司 交通银行股份有限公司陕西省分行
//货款 950211
:62F:D180105CNY182665386,19
-}{5:{CHK:}}

{1:}{2:IN}{3:{108:CTIS}}{4:
:20:37101985510050403879
:25:37101985510050403879
:28C:5186/1
:60F:D180105CNY182665386,19
:61:1801050105CD10800,NMSCNONREF
42001688636059888888
:86:孝感大润发商业有限公司 建行孝感文城支行
//货款 950211
:62F:D180105CNY182676186,19
-}{5:{CHK:}}

{1:}{2:IN}{3:{108:CTIS}}{4:
:20:37101985510050403879
:25:37101985510050403879
:28C:5187/1
:60F:D180105CNY182676186,19
:61:1801050105CD10800,NMSCNONREF
714101100018010017015
:86:宝鸡大润发商业有限公司 交通银行股份有限公司宝鸡分行
//货款 950211
:62F:D180105CNY182686986,19
-}{5:{CHK:}}

{1:}{2:IN}{3:{108:CTIS}}{4:
:20:37101985510050403879
:25:37101985510050403879
:28C:5188/1
:60F:D180105CNY182686986,19
:61:1801050105CD25410,NMSCNONREF
714101100018010017015
:86:宝鸡大润发商业有限公司 交通银行股份有限公司宝鸡分行
//货款 950211
:62F:D180105CNY182712396,19
-}{5:{CHK:}}

{1:}{2:IN}{3:{108:CTIS}}{4:
:20:37101985510050403879
:25:37101985510050403879
:28C:5189/1
:60F:D180105CNY182712396,19
:61:1801050105CD16869,NMSCNONREF
937038010000076667
:86:青岛即墨振华大润发商业有限公司 中国邮政储蓄银行股份有限公司即墨市振华街支行
//电子汇入
:62F:D180105CNY182729265,19
-}{5:{CHK:}}

{1:}{2:IN}{3:{108:CTIS}}{4:
:20:37101985510050403879
:25:37101985510050403879
:28C:5190/1
:60F:D180105CNY182729265,19
:61:1801050105CD12085,NMSCNONREF
100639992430015555
:86:济南市中大润发商业有限公司 中国邮政储蓄银行股份有限公司济南市二七南路支行
//电子汇入
:62F:D180105CNY182741350,19
-}{5:{CHK:}}

{1:}{2:IN}{3:{108:CTIS}}{4:
:20:37101985510050403879
:25:37101985510050403879
:28C:5191/1
:60F:D180105CNY182741350,19
:61:1801050105CD20320,32NMSCNONREF
100721390890010001
:86:天津市长湖大润发商业有限公司 中国邮政储蓄银行股份有限公司天津河西区支行（营业部）
//电子汇入
:62F:D180105CNY182761670,51
-}{5:{CHK:}}

{1:}{2:IN}{3:{108:CTIS}}{4:
:20:37101985510050403879
:25:37101985510050403879
:28C:5192/1
:60F:D180105CNY182761670,51
:61:1801050105CD10800,NMSCNONREF
104020475417
:86:兰州大润发商业有限公司 中国银行股份有限公司兰州市高新区中心支行
//货款 950211
:62F:D180105CNY182772470,51
-}{5:{CHK:}}

{1:}{2:IN}{3:{108:CTIS}}{4:
:20:37101985510050403879
:25:37101985510050403879
:28C:5193/1
:60F:D180105CNY182772470,51
:61:1801050105CD10800,NMSCNONREF
100877532700010001
:86:昆山润华商业有限公司天津分公司 中国邮政储蓄银行股份有限公司天津河西区支行（营业部）
//电子汇入
:62F:D180105CNY182783270,51
-}{5:{CHK:}}

{1:}{2:IN}{3:{108:CTIS}}{4:
:20:37101985510050403879
:25:37101985510050403879
:28C:5194/1
:60F:D180105CNY182783270,51
:61:1801050105CD10800,NMSCNONREF
100480733700010001
:86:滨州大润发商业有限公司 中国邮政储蓄银行股份有限公司滨州市市中支行
//电子汇入
:62F:D180105CNY182794070,51
-}{5:{CHK:}}

{1:}{2:IN}{3:{108:CTIS}}{4:
:20:37101985510050403879
:25:37101985510050403879
:28C:5195/1
:60F:D180105CNY182794070,51
:61:1801050105CD28875,NMSCNONREF
100661009960018188
:86:文登大润发商业有限公司 中国邮政储蓄银行股份有限公司威海市文登支行
//电子汇入
:62F:D180105CNY182822945,51
-}{5:{CHK:}}

{1:}{2:IN}{3:{108:CTIS}}{4:
:20:37101985510050403879
:25:37101985510050403879
:28C:5196/1
:60F:D180105CNY182822945,51
:61:1801050105CD10875,NMSCNONREF
100823532170010001
:86:莱阳大润发商业有限公司 中国邮政储蓄银行股份有限公司莱阳市支行
//电子汇入
:62F:D180105CNY182833820,51
-}{5:{CHK:}}

{1:}{2:IN}{3:{108:CTIS}}{4:
:20:37101985510050403879
:25:37101985510050403879
:28C:5197/1
:60F:D180105CNY182833820,51
:61:1801050105CD10800,NMSCNONREF
100501099870010003
:86:泰安深国投商用置业有限公司 中国邮政储蓄银行股份有限公司泰安市分行
//电子汇入
:62F:D180105CNY182844620,51
-}{5:{CHK:}}

{1:}{2:IN}{3:{108:CTIS}}{4:
:20:37101985510050403879
:25:37101985510050403879
:28C:5198/1
:60F:D180105CNY182844620,51
:61:1801050105CD13515,NMSCNONREF
100459835890010001
:86:青州大润发商业有限公司 中国邮政储蓄银行股份有限公司青州市支行
//电子汇入
:62F:D180105CNY182858135,51
-}{5:{CHK:}}

{1:}{2:IN}{3:{108:CTIS}}{4:
:20:37101985510050403879
:25:37101985510050403879
:28C:5199/1
:60F:D180105CNY182858135,51
:61:1801050105CD10800,NMSCNONREF
100459835890010001
:86:青州大润发商业有限公司 中国邮政储蓄银行股份有限公司青州市支行
//电子汇入
:62F:D180105CNY182868935,51
-}{5:{CHK:}}

{1:}{2:IN}{3:{108:CTIS}}{4:
:20:37101985510050403879
:25:37101985510050403879
:28C:5200/1
:60F:D180105CNY182868935,51
:61:1801050105CD10800,NMSCNONREF
937991010000066801
:86:青岛胶州大润发商业有限公司 中国邮政储蓄银行股份有限公司胶州市支行
//电子汇入
:62F:D180105CNY182879735,51
-}{5:{CHK:}}

{1:}{2:IN}{3:{108:CTIS}}{4:
:20:37101985510050403879
:25:37101985510050403879
:28C:5201/1
:60F:D180105CNY182879735,51
:61:1801050105CD70080,NMSCNONREF
42201331401050201810
:86:宜昌市天歌制冷设备有限公司 建行宜昌星火路支行
//货款
:62F:D180105CNY182949815,51
-}{5:{CHK:}}

{1:}{2:IN}{3:{108:CTIS}}{4:
:20:37101985510050403879
:25:37101985510050403879
:28C:5202/1
:60F:D180105CNY182949815,51
:61:1801050105CD10800,NMSCNONREF
937008010000840016
:86:潍坊大润发商业有限公司 中国邮政储蓄银行股份有限公司潍坊市健康街支行
//电子汇入
:62F:D180105CNY182960615,51
-}{5:{CHK:}}

{1:}{2:IN}{3:{108:CTIS}}{4:
:20:37101985510050403879
:25:37101985510050403879
:28C:5203/1
:60F:D180105CNY182960615,51
:61:1801050105CD10800,NMSCNONREF
100427626860017777
:86:济宁大润发商业有限公司 中国邮政储蓄银行股份有限公司济宁市吉祥支行
//电子汇入
:62F:D180105CNY182971415,51
-}{5:{CHK:}}

{1:}{2:IN}{3:{108:CTIS}}{4:
:20:37101985510050403879
:25:37101985510050403879
:28C:5204/1
:60F:D180105CNY182971415,51
:61:1801050105CD10800,NMSCNONREF
100398626160010002
:86:淄博大润发商业有限公司 中国邮政储蓄银行股份有限公司淄博市华光路支行
//电子汇入
:62F:D180105CNY182982215,51
-}{5:{CHK:}}

{1:}{2:IN}{3:{108:CTIS}}{4:
:20:37101985510050403879
:25:37101985510050403879
:28C:5205/1
:60F:D180105CNY182982215,51
:61:1801050105CD10800,NMSCNONREF
587263244786
:86:长沙润良商业有限公司 中国银行股份有限公司长沙市万家丽路支行
//货款 950211
:62F:D180105CNY182993015,51
-}{5:{CHK:}}

{1:}{2:IN}{3:{108:CTIS}}{4:
:20:37101985510050403879
:25:37101985510050403879
:28C:5206/1
:60F:D180105CNY182993015,51
:61:1801050105CD10800,NMSCNONREF
105028520525
:86:西宁润良商业有限公司 中国银行股份有限公司西宁支行
//货款 950211
:62F:D180105CNY183003815,51
-}{5:{CHK:}}

{1:}{2:IN}{3:{108:CTIS}}{4:
:20:37101985510050403879
:25:37101985510050403879
:28C:5207/1
:60F:D180105CNY183003815,51
:61:1801050105CD10800,NMSCNONREF
105028520525
:86:西宁润良商业有限公司 中国银行股份有限公司西宁支行
//货款 950211
:62F:D180105CNY183014615,51
-}{5:{CHK:}}

{1:}{2:IN}{3:{108:CTIS}}{4:
:20:37101985510050403879
:25:37101985510050403879
:28C:5208/1
:60F:D180105CNY183014615,51
:61:1801050105CD29489,4NMSCNONREF
380558330032
:86:宁波曜达商用设备有限公司 中国银行股份有限公司宁波四眼碶支行
//货款
:62F:D180105CNY183044104,91
-}{5:{CHK:}}

{1:}{2:IN}{3:{108:CTIS}}{4:
:20:37101985510050403879
:25:37101985510050403879
:28C:5209/1
:60F:D180105CNY183044104,91
:61:1801050105CD20112,NMSCNONREF
202202051806
:86:南昌飞达商用设备有限公司 中国银行南昌市昌北支行
//电子汇入
:62F:D180105CNY183064216,91
-}{5:{CHK:}}

{1:}{2:IN}{3:{108:CTIS}}{4:
:20:37101985510050403879
:25:37101985510050403879
:28C:5210/1
:60F:D180105CNY183064216,91
:61:1801050105CD26769,3NMSCNONREF
31001548150050008024
:86:上海苏搏贸易有限公司 建行上海曹安路支行
//货款
:62F:D180105CNY183090986,21
-}{5:{CHK:}}

{1:}{2:IN}{3:{108:CTIS}}{4:
:20:37101985510050403879
:25:37101985510050403879
:28C:5211/1
:60F:D180105CNY183090986,21
:61:1801050105CD90,NMSCNONREF
310200190010001882
:86:东莞市冰宇制冷设备有限公司 东莞农村商业银行股份有限公司东联支行
//货款，(自助汇款)
:62F:D180105CNY183091076,21
-}{5:{CHK:}}

{1:}{2:IN}{3:{108:CTIS}}{4:
:20:37101985510050403879
:25:37101985510050403879
:28C:5212/1
:60F:D180105CNY183091076,21
:61:1801050105CD6280,NMSCNONREF
19025201040003456
:86:杭州雪花电气有限公司 中国农业银行股份有限公司浙江省分行营业部(不对外)
//货款
:62F:D180105CNY183097356,21
-}{5:{CHK:}}

{1:}{2:IN}{3:{108:CTIS}}{4:
:20:37101985510050403879
:25:37101985510050403879
:28C:5213/1
:60F:D180105CNY183097356,21
:61:1801050105CD924,NMSCNONREF
07170801040002755
:86:吉林省博汇机电工程有限公司 中国农业银行股份有限公司吉林省分行营业部
//新天地侧板预付
:62F:D180105CNY183098280,21
-}{5:{CHK:}}

{1:}{2:IN}{3:{108:CTIS}}{4:
:20:37101985510050403879
:25:37101985510050403879
:28C:5216/1
:60F:D180105CNY183097280,21
:61:1801050105CD1700,NMSCNONREF
6232510010908684
:86:北京凌源飞扬制冷设备有限公司 建行北京华威支行
//
:62F:D180105CNY183098980,21
-}{5:{CHK:}}

{1:}{2:IN}{3:{108:CTIS}}{4:
:20:37101985510050403879
:25:37101985510050403879
:28C:5217/1
:60F:D180105CNY183098980,21
:61:1801050105CD48168,78NMSCNONREF
120906034610701
:86:佛山市卜蜂莲花管理咨询有限公司 招商银行股份有限公司广州淘金支行
//费用
:62F:D180105CNY183147148,99
-}{5:{CHK:}}

{1:}{2:IN}{3:{108:CTIS}}{4:
:20:37101985510050403879
:25:37101985510050403879
:28C:5218/1
:60F:D180105CNY183147148,99
:61:1801050105CD642,NMSCNONREF
41003000040006345
:86:深圳市碧波制冷设备有限公司 中国农业银行深圳市分行
//货款
:62F:D180105CNY183147790,99
-}{5:{CHK:}}

{1:}{2:IN}{3:{108:CTIS}}{4:
:20:37101985510050403879
:25:37101985510050403879
:28C:5219/1
:60F:D180105CNY183147790,99
:61:1801050105CD430,NMSCNONREF
1170314000000005658
:86:济南津园制冷设备有限公司 齐鲁银行股份有限公司济南浆水泉支行
//备件费
:62F:D180105CNY183148220,99
-}{5:{CHK:}}

{1:}{2:IN}{3:{108:CTIS}}{4:
:20:37101985510050403879
:25:37101985510050403879
:28C:5220/1
:60F:D180105CNY183148220,99
:61:1801050105CD154998,NMSCNONREF
1001195209006889060
:86:上海山诺制冷电器设备工程有限公司 中国工商银行上海市分行业务营运中心
//电子汇入
:62F:D180105CNY183303218,99
-}{5:{CHK:}}

{1:}{2:IN}{3:{108:CTIS}}{4:
:20:37101985510050403879
:25:37101985510050403879
:28C:5221/1
:60F:D180105CNY183303218,99
:61:1801050105CD114010,NMSCNONREF
2801012090084651
:86:南宁市古得制冷设备工程有限公司 广西北部湾银行股份有限公司南宁市民族支行
//货款货款
:62F:D180105CNY183417228,99
-}{5:{CHK:}}

{1:}{2:IN}{3:{108:CTIS}}{4:
:20:37101985510050403879
:25:37101985510050403879
:28C:5222/1
:60F:D180105CNY183417228,99
:61:1801050105CD13056,NMSCNONREF
4402006909000038708
:86:成都安瑞通商贸有限公司 中国工商银行股份有限公司四川省分行营业部业务处理中心
//电子汇入
:62F:D180105CNY183430284,99
-}{5:{CHK:}}

{1:}{2:IN}{3:{108:CTIS}}{4:
:20:37101985510050403879
:25:37101985510050403879
:28C:5223/1
:60F:D180105CNY183430284,99
:61:1801050105CD13613,4NMSCNONREF
11001016200053004964
:86:北京京亨红运商贸有限公司 建行北京丰台支行
//货款
:62F:D180105CNY183443898,39
-}{5:{CHK:}}

{1:}{2:IN}{3:{108:CTIS}}{4:
:20:37101985510050403879
:25:37101985510050403879
:28C:5224/1
:60F:D180105CNY183443898,39
:61:1801050105CD13564,NMSCNONREF
513158218269
:86:无锡绿的商贸有限公司 中国银行股份有限公司无锡梁溪支行
//货款
:62F:D180105CNY183457462,39
-}{5:{CHK:}}

{1:}{2:IN}{3:{108:CTIS}}{4:
:20:37101985510050403879
:25:37101985510050403879
:28C:5225/1
:60F:D180106CNY183457462,39
:61:1801060106CD444,NMSCNONREF
800024712720010
:86:长沙恒捷科技发展有限公司 长沙银行股份有限公司湘银支行
//货款
:62F:D180106CNY183457906,39
-}{5:{CHK:}}

{1:}{2:IN}{3:{108:CTIS}}{4:
:20:37101985510050403879
:25:37101985510050403879
:28C:5226/1
:60F:D180106CNY183457906,39
:61:1801060106CD30433,NMSCNONREF
21050140430100000192
:86:沈阳顶峰机电有限公司 建行沈阳经济技术开发区支行
//货款
:62F:D180106CNY183488339,39
-}{5:{CHK:}}

{1:}{2:IN}{3:{108:CTIS}}{4:
:20:37101985510050403879
:25:37101985510050403879
:28C:5227/1
:60F:D180108CNY183488339,39
:61:1801080108CD540532,6NMSCNONREF
32462028010026177
:86:上海勤锦制冷设备有限公司 上海农商银行
//绿姆指苏州店加4台小中岛
:62F:D180108CNY184028871,99
-}{5:{CHK:}}

{1:}{2:IN}{3:{108:CTIS}}{4:
:20:37101985510050403879
:25:37101985510050403879
:28C:5229/1
:60F:D180108CNY184025703,99
:61:1801080108CD303,NMSCNONREF
1022501021000737257
:86:安徽鑫合机电设备有限公司 徽商银行股份有限公司合肥三里庵支行
//电子汇入
:62F:D180108CNY184026006,99
-}{5:{CHK:}}

{1:}{2:IN}{3:{108:CTIS}}{4:
:20:37101985510050403879
:25:37101985510050403879
:28C:5230/1
:60F:D180108CNY184026006,99
:61:1801080108CD150,NMSCNONREF
21050140430100000192
:86:沈阳顶峰机电有限公司 建行沈阳经济技术开发区支行
//货款
:62F:D180108CNY184026156,99
-}{5:{CHK:}}

{1:}{2:IN}{3:{108:CTIS}}{4:
:20:37101985510050403879
:25:37101985510050403879
:28C:5231/1
:60F:D180108CNY184026156,99
:61:1801080108CD66782,NMSCNONREF
1022401021000847936
:86:安徽利克冷链节能设备有限公司 徽商银行股份有限公司合肥濉溪路支行
//货款
:62F:D180108CNY184092938,99
-}{5:{CHK:}}

{1:}{2:IN}{3:{108:CTIS}}{4:
:20:37101985510050403879
:25:37101985510050403879
:28C:5232/1
:60F:D180108CNY184092938,99
:61:1801080108CD11466,NMSCNONREF
1022401021000847936
:86:安徽利克冷链节能设备有限公司 徽商银行股份有限公司合肥濉溪路支行
//货款
:62F:D180108CNY184104404,99
-}{5:{CHK:}}

{1:}{2:IN}{3:{108:CTIS}}{4:
:20:37101985510050403879
:25:37101985510050403879
:28C:5252/1
:60F:D180108CNY182558665,86
:61:1801080108CD142717,NMSCNONREF
244222537935
:86:山东华盛达机电设备有限公司 中国银行股份有限公司潍坊潍城支行
//电子汇入
:62F:D180108CNY182701382,86
-}{5:{CHK:}}

{1:}{2:IN}{3:{108:CTIS}}{4:
:20:37101985510050403879
:25:37101985510050403879
:28C:5259/1
:60F:D180108CNY181174740,68
:61:1801080108CD510,NMSCNONREF
351008100010252603146
:86:福州大邦商用设备有限公司 交通银行股份有限公司福州王庄支行
//温控器
:62F:D180108CNY181175250,68
-}{5:{CHK:}}

{1:}{2:IN}{3:{108:CTIS}}{4:
:20:37101985510050403879
:25:37101985510050403879
:28C:5264/1
:60F:D180108CNY177012319,54
:61:1801080108CD142000,NMSCNONREF
802510200518219
:86:青岛利客来集团股份有限公司 青岛银行向阳路支行
//股份付海尔开利柜台柜款
:62F:D180108CNY177154319,54
-}{5:{CHK:}}

{1:}{2:IN}{3:{108:CTIS}}{4:
:20:37101985510050403879
:25:37101985510050403879
:28C:5265/1
:60F:D180108CNY177154319,54
:61:1801080108CD24500,NMSCNONREF
802510200518219
:86:青岛利客来集团股份有限公司 青岛银行向阳路支行
//股份付海尔开利柜台款
:62F:D180108CNY177178819,54
-}{5:{CHK:}}

{1:}{2:IN}{3:{108:CTIS}}{4:
:20:37101985510050403879
:25:37101985510050403879
:28C:5266/1
:60F:D180108CNY177178819,54
:61:1801080108CD400,NMSCNONREF
4402210019100278771
:86:四川冰海制冷工程有限公司 中国工商银行股份有限公司四川省分行营业部业务处理中心
//电子汇入
:62F:D180108CNY177179219,54
-}{5:{CHK:}}

{1:}{2:IN}{3:{108:CTIS}}{4:
:20:37101985510050403879
:25:37101985510050403879
:28C:5267/1
:60F:D180108CNY177179219,54
:61:1801080108CD100,NMSCNONREF
4402210019100278771
:86:四川冰海制冷工程有限公司 中国工商银行股份有限公司四川省分行营业部业务处理中心
//电子汇入
:62F:D180108CNY177179319,54
-}{5:{CHK:}}

{1:}{2:IN}{3:{108:CTIS}}{4:
:20:37101985510050403879
:25:37101985510050403879
:28C:5268/1
:60F:D180108CNY177179319,54
:61:1801080108CD128072,NMSCNONREF
4402006909000038708
:86:成都安瑞通商贸有限公司 中国工商银行股份有限公司四川省分行营业部业务处理中心
//电子汇入
:62F:D180108CNY177307391,54
-}{5:{CHK:}}

{1:}{2:IN}{3:{108:CTIS}}{4:
:20:37101985510050403879
:25:37101985510050403879
:28C:5269/1
:60F:D180108CNY177307391,54
:61:1801080108CD19516,47NMSCNONREF
1607001129200009982
:86:山东潍坊百货集团股份有限公司中百配送中心 中国工商银行潍坊市分行会计业务处理中心
//电子汇入
:62F:D180108CNY177326908,01
-}{5:{CHK:}}

{1:}{2:IN}{3:{108:CTIS}}{4:
:20:37101985510050403879
:25:37101985510050403879
:28C:5270/1
:60F:D180108CNY177326908,01
:61:1801080108CD11245,16NMSCNONREF
1607001129200009982
:86:山东潍坊百货集团股份有限公司中百配送中心 中国工商银行潍坊市分行会计业务处理中心
//电子汇入
:62F:D180108CNY177338153,17
-}{5:{CHK:}}

{1:}{2:IN}{3:{108:CTIS}}{4:
:20:37101985510050403879
:25:37101985510050403879
:28C:5271/1
:60F:D180108CNY177338153,17
:61:1801080108CD730,NMSCNONREF
3100027809200062654
:86:重庆润泰制冷设备有限公司 中国工商银行股份有限公司重庆分行业务处理中心
//电子汇入
:62F:D180108CNY177338883,17
-}{5:{CHK:}}

{1:}{2:IN}{3:{108:CTIS}}{4:
:20:37101985510050403879
:25:37101985510050403879
:28C:5272/1
:60F:D180108CNY177338883,17
:61:1801080108CD117234,NMSCNONREF
4402006909000038708
:86:成都安瑞通商贸有限公司 中国工商银行股份有限公司四川省分行营业部业务处理中心
//电子汇入
:62F:D180108CNY177456117,17
-}{5:{CHK:}}

{1:}{2:IN}{3:{108:CTIS}}{4:
:20:37101985510050403879
:25:37101985510050403879
:28C:5273/1
:60F:D180108CNY177456117,17
:61:1801080108CD5128,NMSCNONREF
3100027809200062654
:86:重庆润泰制冷设备有限公司 中国工商银行股份有限公司重庆分行业务处理中心
//电子汇入
:62F:D180108CNY177461245,17
-}{5:{CHK:}}

{1:}{2:IN}{3:{108:CTIS}}{4:
:20:37101985510050403879
:25:37101985510050403879
:28C:5274/1
:60F:D180108CNY177461245,17
:61:1801080108CD374,NMSCNONREF
10105501040008345
:86:南京迈克通机电设备有限公司 中国农业银行股份有限公司南京建邺支行
//货款
:62F:D180108CNY177461619,17
-}{5:{CHK:}}

{1:}{2:IN}{3:{108:CTIS}}{4:
:20:37101985510050403879
:25:37101985510050403879
:28C:5275/1
:60F:D180108CNY177461619,17
:61:1801080108CD900,NMSCNONREF
1209010178522077
:86:哈尔滨伟齐经贸有限公司 哈尔滨银行股份有限公司科融支行
//货款 货款
:62F:D180108CNY177462519,17
-}{5:{CHK:}}

{1:}{2:IN}{3:{108:CTIS}}{4:
:20:37101985510050403879
:25:37101985510050403879
:28C:5276/1
:60F:D180108CNY177462519,17
:61:1801080108CD50,NMSCNONREF
10105501040008345
:86:南京迈克通机电设备有限公司 中国农业银行股份有限公司南京建邺支行
//货款
:62F:D180108CNY177462569,17
-}{5:{CHK:}}

{1:}{2:IN}{3:{108:CTIS}}{4:
:20:37101985510050403879
:25:37101985510050403879
:28C:5277/1
:60F:D180108CNY177462569,17
:61:1801080108CD37808,NMSCNONREF
102400820684
:86:陕西雪龙制冷设备有限公司 中国银行西安方新村支行
//货款
:62F:D180108CNY177500377,17
-}{5:{CHK:}}

{1:}{2:IN}{3:{108:CTIS}}{4:
:20:37101985510050403879
:25:37101985510050403879
:28C:5278/1
:60F:D180108CNY177500377,17
:61:1801080108CD38798,NMSCNONREF
37101985510051004775
:86:青岛崇泰制冷设备有限公司 建行青岛海尔路支行
//货款
:62F:D180108CNY177539175,17
-}{5:{CHK:}}

{1:}{2:IN}{3:{108:CTIS}}{4:
:20:37101985510050403879
:25:37101985510050403879
:28C:5279/1
:60F:D180108CNY177539175,17
:61:1801080108CD60672,NMSCNONREF
65050161624800000100
:86:新疆诚敏昌商业运营管理有限公司 建行乌鲁木齐扬子江路支行
//货款
:62F:D180108CNY177599847,17
-}{5:{CHK:}}

{1:}{2:IN}{3:{108:CTIS}}{4:
:20:37101985510050403879
:25:37101985510050403879
:28C:5280/1
:60F:D180108CNY177599847,17
:61:1801080108CD928,NMSCNONREF
04136101040028295
:86:太原鼎硕制冷设备有限公司 中国农业银行股份有限公司山西省分行营业部
//货款
:62F:D180108CNY177600775,17
-}{5:{CHK:}}

{1:}{2:IN}{3:{108:CTIS}}{4:
:20:37101985510050403879
:25:37101985510050403879
:28C:5281/1
:60F:D180109CNY177600775,17
:61:1801090109CD793724,21NMSCNONREF
3502879015
:86:锦江麦德龙现购自运有限公司 德意志银行(中国)有限公司上海分行
//4000019995+00173725等A-00173629,00173509,00173508,001735
:62F:D180109CNY178394499,38
-}{5:{CHK:}}

{1:}{2:IN}{3:{108:CTIS}}{4:
:20:37101985510050403879
:25:37101985510050403879
:28C:5282/1
:60F:D180109CNY178394499,38
:61:1801090109CD22852,NMSCNONREF
7060720109000002
:86:吉林省灼灼商贸有限公司 吉林银行长春兴亚支行
//货款
:62F:D180109CNY178417351,38
-}{5:{CHK:}}

{1:}{2:IN}{3:{108:CTIS}}{4:
:20:37101985510050403879
:25:37101985510050403879
:28C:5283/1
:60F:D180109CNY178417351,38
:61:1801090109CD50,NMSCNONREF
21050140430100000192
:86:沈阳顶峰机电有限公司 建行沈阳经济技术开发区支行
//货款
:62F:D180109CNY178417401,38
-}{5:{CHK:}}

{1:}{2:IN}{3:{108:CTIS}}{4:
:20:37101985510050403879
:25:37101985510050403879
:28C:5284/1
:60F:D180109CNY178417401,38
:61:1801090109CD80914,NMSCNONREF
201000171520553
:86:杭州雪润制冷设备有限公司 杭州联合农村商业银行股份有限公司清算中心
//货款(网银转账，有误即退)货款(网银转账，有误即退)
:62F:D180109CNY178498315,38
-}{5:{CHK:}}

{1:}{2:IN}{3:{108:CTIS}}{4:
:20:37101985510050403879
:25:37101985510050403879
:28C:5285/1
:60F:D180109CNY178498315,38
:61:1801090109CD32713,NMSCNONREF
1202052909900044335
:86:杭州冠宏制冷设备有限公司 中国工商银行股份有限公司浙江省分行营业部核算中心
//电子汇入
:62F:D180109CNY178531028,38
-}{5:{CHK:}}

{1:}{2:IN}{3:{108:CTIS}}{4:
:20:37101985510050403879
:25:37101985510050403879
:28C:5286/1
:60F:D180109CNY178531028,38
:61:1801090109CD57670,NMSCNONREF
0103014170016840
:86:北京捷康伟业科技有限公司 中国民生银行股份有限公司北京阜成门支行
//货款8台3尺，3台6尺尾款
:62F:D180109CNY178588698,38
-}{5:{CHK:}}

{1:}{2:IN}{3:{108:CTIS}}{4:
:20:37101985510050403879
:25:37101985510050403879
:28C:5287/1
:60F:D180109CNY178588698,38
:61:1801090109CD64128,NMSCNONREF
426058360683
:86:福州海凌制冷有限公司 中国银行福州市晋安支行
//电子汇入
:62F:D180109CNY178652826,38
-}{5:{CHK:}}

{1:}{2:IN}{3:{108:CTIS}}{4:
:20:37101985510050403879
:25:37101985510050403879
:28C:5288/1
:60F:D180109CNY178652826,38
:61:1801090109CD2413,NMSCNONREF
1302041909022619077
:86:合肥悦家商业有限公司 中国工商银行合肥市宿州路支行
//0K0000001000000813450K000000100000081345
:62F:D180109CNY178655239,38
-}{5:{CHK:}}

{1:}{2:IN}{3:{108:CTIS}}{4:
:20:37101985510050403879
:25:37101985510050403879
:28C:5289/1
:60F:D180109CNY178655239,38
:61:1801090109CD2163,01NMSCNONREF
114405392790
:86:重庆家乐福商业有限公司 中国银行重庆市分行九龙坡支行
//0K000000100000064655
:62F:D180109CNY178657402,39
-}{5:{CHK:}}

{1:}{2:IN}{3:{108:CTIS}}{4:
:20:37101985510050403879
:25:37101985510050403879
:28C:5290/1
:60F:D180109CNY178657402,39
:61:1801090109CD3085,NMSCNONREF
129327049895
:86:成都家乐福超市有限公司 中国银行股份有限公司成都蜀都大道支行
//0K000000100000072254
:62F:D180109CNY178660487,39
-}{5:{CHK:}}

{1:}{2:IN}{3:{108:CTIS}}{4:
:20:37101985510050403879
:25:37101985510050403879
:28C:5291/1
:60F:D180109CNY178660487,39
:61:1801090109CD250000,NMSCNONREF
52001413600052506481
:86:贵州佳莱仕制冷设备有限公司 建行贵阳城北支行
//货款
:62F:D180109CNY178910487,39
-}{5:{CHK:}}

{1:}{2:IN}{3:{108:CTIS}}{4:
:20:37101985510050403879
:25:37101985510050403879
:28C:5292/1
:60F:D180109CNY178910487,39
:61:1801090109CD501,NMSCNONREF
27034101040002533
:86:兰州永冠商贸有限责任公司 中国农业银行股份有限公司兰州金穗支行
//货款（备件款）
:62F:D180109CNY178910988,39
-}{5:{CHK:}}

{1:}{2:IN}{3:{108:CTIS}}{4:
:20:37101985510050403879
:25:37101985510050403879
:28C:5293/1
:60F:D180109CNY178910988,39
:61:1801090109CD316950,NMSCNONREF
4000021219200759004
:86:沃尔玛（天津）商业零售有限公司 中国工商银行深圳市分行
//电子汇入
:62F:D180109CNY179227938,39
-}{5:{CHK:}}

{1:}{2:IN}{3:{108:CTIS}}{4:
:20:37101985510050403879
:25:37101985510050403879
:28C:5294/1
:60F:D180110CNY179227938,39
:61:1801100110CD15792,NMSCNONREF
426058360683
:86:福州海凌制冷有限公司 中国银行福州市晋安支行
//电子汇入
:62F:D180110CNY179243730,39
-}{5:{CHK:}}

{1:}{2:IN}{3:{108:CTIS}}{4:
:20:37101985510050403879
:25:37101985510050403879
:28C:5295/1
:60F:D180110CNY179243730,39
:61:1801100110CD137200,NMSCNONREF
698075572
:86:永辉超市股份有限公司 中国民生银行福州金山支行
//2500冷链9206
:62F:D180110CNY179380930,39
-}{5:{CHK:}}

{1:}{2:IN}{3:{108:CTIS}}{4:
:20:37101985510050403879
:25:37101985510050403879
:28C:5296/1
:60F:D180110CNY179380930,39
:61:1801100110CD384,NMSCNONREF
1022501021000737257
:86:安徽鑫合机电设备有限公司 徽商银行股份有限公司合肥三里庵支行
//电子汇入
:62F:D180110CNY179381314,39
-}{5:{CHK:}}

{1:}{2:IN}{3:{108:CTIS}}{4:
:20:37101985510050403879
:25:37101985510050403879
:28C:5297/1
:60F:D180110CNY179381314,39
:61:1801100110CD272092,NMSCNONREF
3100027809200062654
:86:重庆润泰制冷设备有限公司 中国工商银行股份有限公司重庆分行业务处理中心
//电子汇入
:62F:D180110CNY179653406,39
-}{5:{CHK:}}

{1:}{2:IN}{3:{108:CTIS}}{4:
:20:37101985510050403879
:25:37101985510050403879
:28C:5298/1
:60F:D180110CNY179653406,39
:61:1801100110CD25248,NMSCNONREF
3100027809200062654
:86:重庆润泰制冷设备有限公司 中国工商银行股份有限公司重庆分行业务处理中心
//电子汇入
:62F:D180110CNY179678654,39
-}{5:{CHK:}}

{1:}{2:IN}{3:{108:CTIS}}{4:
:20:37101985510050403879
:25:37101985510050403879
:28C:5299/1
:60F:D180110CNY179678654,39
:61:1801100110CD152595,NMSCNONREF
502020100100015095
:86:南昌三合商用设备有限公司 兴业银行股份有限公司南昌桃苑支行
//货款
:62F:D180110CNY179831249,39
-}{5:{CHK:}}

{1:}{2:IN}{3:{108:CTIS}}{4:
:20:37101985510050403879
:25:37101985510050403879
:28C:5300/1
:60F:D180110CNY179831249,39
:61:1801100110CD600,NMSCNONREF
01590120100002119
:86:烟台安平制冷设备有限公司 烟台银行股份有限公司
//备件款
:62F:D180110CNY179831849,39
-}{5:{CHK:}}

{1:}{2:IN}{3:{108:CTIS}}{4:
:20:37101985510050403879
:25:37101985510050403879
:28C:5301/1
:60F:D180110CNY179831849,39
:61:1801100110CD3148,NMSCNONREF
4402006909000038708
:86:成都安瑞通商贸有限公司 中国工商银行股份有限公司四川省分行营业部业务处理中心
//电子汇入
:62F:D180110CNY179834997,39
-}{5:{CHK:}}

{1:}{2:IN}{3:{108:CTIS}}{4:
:20:37101985510050403879
:25:37101985510050403879
:28C:5302/1
:60F:D180110CNY179834997,39
:61:1801100110CD688,NMSCNONREF
9040511020010000011108
:86:莆田市荔城区凯达贸易有限公司 福建省农村信用社联合社电子银行部（不办转汇业务）
//货款
:62F:D180110CNY179835685,39
-}{5:{CHK:}}

{1:}{2:IN}{3:{108:CTIS}}{4:
:20:37101985510050403879
:25:37101985510050403879
:28C:5303/1
:60F:D180110CNY179835685,39
:61:1801100110CD178628,NMSCNONREF
8990512010000223
:86:郑州万邦制冷设备有限公司 广发银行股份有限公司郑州南阳路支行
//漯河货款漯河货款
:62F:D180110CNY180014313,39
-}{5:{CHK:}}

{1:}{2:IN}{3:{108:CTIS}}{4:
:20:37101985510050403879
:25:37101985510050403879
:28C:5304/1
:60F:D180110CNY180014313,39
:61:1801100110CD22500,NMSCNONREF
376010100100948652
:86:济南华联超市有限公司 兴业银行股份有限公司济南分行营业部
//货款
:62F:D180110CNY180036813,39
-}{5:{CHK:}}

{1:}{2:IN}{3:{108:CTIS}}{4:
:20:37101985510050403879
:25:37101985510050403879
:28C:5305/1
:60F:D180110CNY180036813,39
:61:1801100110CD38665,NMSCNONREF
376010100100949455
:86:济南华联超市有限公司便利连锁高新分公司 兴业银行股份有限公司济南分行营业部
//货款
:62F:D180110CNY180075478,39
-}{5:{CHK:}}

{1:}{2:IN}{3:{108:CTIS}}{4:
:20:37101985510050403879
:25:37101985510050403879
:28C:5306/1
:60F:D180111CNY180075478,39
:61:1801110111CD97644,NMSCNONREF
352000675018000490428
:86:厦门美联科尔曼制冷有限公司 交通银行厦门分行滨北支行
//货款
:62F:D180111CNY180173122,39
-}{5:{CHK:}}

{1:}{2:IN}{3:{108:CTIS}}{4:
:20:37101985510050403879
:25:37101985510050403879
:28C:5307/1
:60F:D180111CNY180173122,39
:61:1801110111CD36159,93NMSCNONREF
310066661018800022482
:86:北京欧尚超市有限公司 交通银行上海市分行
//189505000>>189505000zzID
:62F:D180111CNY180209282,32
-}{5:{CHK:}}

{1:}{2:IN}{3:{108:CTIS}}{4:
:20:37101985510050403879
:25:37101985510050403879
:28C:5308/1
:60F:D180111CNY180209282,32
:61:1801110111CD10950,NMSCNONREF
310066661018800016332
:86:上海新欧尚超市有限公司 交通银行上海市分行
//189512900>>189512900zzID
:62F:D180111CNY180220232,32
-}{5:{CHK:}}

{1:}{2:IN}{3:{108:CTIS}}{4:
:20:37101985510050403879
:25:37101985510050403879
:28C:5309/1
:60F:D180111CNY180220232,32
:61:1801110111CD57566,22NMSCNONREF
457263655722
:86:成都欧尚超市有限公司 中国银行上海市杨浦支行
//189498300zzID189498300zzID
:62F:D180111CNY180277798,54
-}{5:{CHK:}}

{1:}{2:IN}{3:{108:CTIS}}{4:
:20:37101985510050403879
:25:37101985510050403879
:28C:5310/1
:60F:D180111CNY180277798,54
:61:1801110111CD7519,82NMSCNONREF
544358217415
:86:苏州欧尚超市有限公司 中国银行股份有限公司苏州分行
//189455800zzID
:62F:D180111CNY180285318,36
-}{5:{CHK:}}

{1:}{2:IN}{3:{108:CTIS}}{4:
:20:37101985510050403879
:25:37101985510050403879
:28C:5311/1
:60F:D180111CNY180285318,36
:61:1801110111CD288,NMSCNONREF
11001006600053007081
:86:北京零智文化发展有限公司 建行北京石景山支行
//杂志退款
:62F:D180111CNY180285606,36
-}{5:{CHK:}}

{1:}{2:IN}{3:{108:CTIS}}{4:
:20:37101985510050403879
:25:37101985510050403879
:28C:5312/1
:60F:D180111CNY180285606,36
:61:1801110111CD26129,9NMSCNONREF
436465037440
:86:梅州欧尚超市有限公司 中国银行上海市杨浦支行
//189572900zzID
:62F:D180111CNY180311736,26
-}{5:{CHK:}}

{1:}{2:IN}{3:{108:CTIS}}{4:
:20:37101985510050403879
:25:37101985510050403879
:28C:5313/1
:60F:D180111CNY180311736,26
:61:1801110111CD340000,NMSCNONREF
488458218440
:86:无锡欧尚超市有限公司 中国银行股份有限公司无锡旺庄支行
//189553800zzID189553800zzID
:62F:D180111CNY180651736,26
-}{5:{CHK:}}

{1:}{2:IN}{3:{108:CTIS}}{4:
:20:37101985510050403879
:25:37101985510050403879
:28C:5314/1
:60F:D180111CNY180651736,26
:61:1801110111CD4733,42NMSCNONREF
488458218440
:86:无锡欧尚超市有限公司 中国银行股份有限公司无锡旺庄支行
//189553700zzID
:62F:D180111CNY180656469,68
-}{5:{CHK:}}

{1:}{2:IN}{3:{108:CTIS}}{4:
:20:37101985510050403879
:25:37101985510050403879
:28C:5315/1
:60F:D180111CNY180656469,68
:61:1801110111CD2058,NMSCNONREF
445560628866
:86:上海杨沃实业有限公司 中国银行上海市分行营业部
//亭林好又多层板
:62F:D180111CNY180658527,68
-}{5:{CHK:}}

{1:}{2:IN}{3:{108:CTIS}}{4:
:20:37101985510050403879
:25:37101985510050403879
:28C:5316/1
:60F:D180111CNY180658527,68
:61:1801110111CD5590,NMSCNONREF
1022501021000737257
:86:安徽鑫合机电设备有限公司 徽商银行股份有限公司合肥三里庵支行
//电子汇入
:62F:D180111CNY180664117,68
-}{5:{CHK:}}

{1:}{2:IN}{3:{108:CTIS}}{4:
:20:37101985510050403879
:25:37101985510050403879
:28C:5317/1
:60F:D180111CNY180664117,68
:61:1801110111CD5250,NMSCNONREF
3502879015
:86:锦江麦德龙现购自运有限公司 德意志银行(中国)有限公司上海分行
//4000023029+00173495等00173495等
:62F:D180111CNY180669367,68
-}{5:{CHK:}}

{1:}{2:IN}{3:{108:CTIS}}{4:
:20:37101985510050403879
:25:37101985510050403879
:28C:5399/1
:60F:D180111CNY153080554,49
:61:1801110111CD1750,NMSCNONREF
1209180548079372
:86:哈尔滨海晟制冷设备有限公司 哈尔滨银行股份有限公司红旗支行
//货款 货款
:62F:D180111CNY153082304,49
-}{5:{CHK:}}

{1:}{2:IN}{3:{108:CTIS}}{4:
:20:37101985510050403879
:25:37101985510050403879
:28C:5443/1
:60F:D180111CNY150042747,75
:61:1801110111CD40000,NMSCNONREF
765357928583
:86:深圳市汇鑫制冷设备有限公司 中国银行深圳市分行
//冷柜配件货款
:62F:D180111CNY150082747,75
-}{5:{CHK:}}

{1:}{2:IN}{3:{108:CTIS}}{4:
:20:37101985510050403879
:25:37101985510050403879
:28C:5444/1
:60F:D180111CNY150082747,75
:61:1801110111CD58296,NMSCNONREF
3602001119200230803
:86:广州富士冷机有限公司 中国工商银行股份有限公司广东省分行营业部
//电子汇入
:62F:D180111CNY150141043,75
-}{5:{CHK:}}

{1:}{2:IN}{3:{108:CTIS}}{4:
:20:37101985510050403879
:25:37101985510050403879
:28C:5445/1
:60F:D180111CNY150141043,75
:61:1801110111CD133267,2NMSCNONREF
:86:青岛新昌茂自动化科技有限公司 
//货款
:62F:D180111CNY150274310,95
-}{5:{CHK:}}

{1:}{2:IN}{3:{108:CTIS}}{4:
:20:37101985510050403879
:25:37101985510050403879
:28C:5447/1
:60F:D180111CNY150272210,95
:61:1801110111CD376200,NMSCNONREF
44201514500056083531
:86:深圳沃尔玛百货零售有限公司 中国建设银行股份有限公司深圳田背支行
//系统改造费系统改造费
:62F:D180111CNY150648410,95
-}{5:{CHK:}}

{1:}{2:IN}{3:{108:CTIS}}{4:
:20:37101985510050403879
:25:37101985510050403879
:28C:5449/1
:60F:D180111CNY149919492,45
:61:1801110111CD1272,NMSCNONREF
765357928583
:86:深圳市汇鑫制冷设备有限公司 中国银行深圳市分行
//冷柜配件货款
:62F:D180111CNY149920764,45
-}{5:{CHK:}}

{1:}{2:IN}{3:{108:CTIS}}{4:
:20:37101985510050403879
:25:37101985510050403879
:28C:5451/1
:60F:D180112CNY149920751,25
:61:1801120112CD23000,NMSCNONREF
43001508062050000866
:86:株洲市建工冷冻设备有限公司 建行株洲市分行营业部
//配件款
:62F:D180112CNY149943751,25
-}{5:{CHK:}}

{1:}{2:IN}{3:{108:CTIS}}{4:
:20:37101985510050403879
:25:37101985510050403879
:28C:5453/1
:60F:D180112CNY149919488,49
:61:1801120112CD46824,NMSCNONREF
9040511020010000011108
:86:莆田市荔城区凯达贸易有限公司 福建省农村信用社联合社电子银行部（不办转汇业务）
//货款
:62F:D180112CNY149966312,49
-}{5:{CHK:}}

{1:}{2:IN}{3:{108:CTIS}}{4:
:20:37101985510050403879
:25:37101985510050403879
:28C:5456/1
:60F:D180112CNY149966281,49
:61:1801120112CD2500,NMSCNONREF
201000171520553
:86:杭州雪润制冷设备有限公司 杭州联合农村商业银行股份有限公司清算中心
//货款(网银转账，有误即退)
:62F:D180112CNY149968781,49
-}{5:{CHK:}}

{1:}{2:IN}{3:{108:CTIS}}{4:
:20:37101985510050403879
:25:37101985510050403879
:28C:5457/1
:60F:D180112CNY149968781,49
:61:1801120112CD4840,NMSCNONREF
0382070140200000298
:86:沈阳汇众冰安机电设备有限公司 盛京银行沈阳市大北关支行
//高丽同盟内蒙预付
:62F:D180112CNY149973621,49
-}{5:{CHK:}}

{1:}{2:IN}{3:{108:CTIS}}{4:
:20:37101985510050403879
:25:37101985510050403879
:28C:5458/1
:60F:D180112CNY149973621,49
:61:1801120112CD33820,NMSCNONREF
31050110615800000308
:86:上海寂文实业有限公司 建行上海虹桥会展支行
//货款
:62F:D180112CNY150007441,49
-}{5:{CHK:}}

{1:}{2:IN}{3:{108:CTIS}}{4:
:20:37101985510050403879
:25:37101985510050403879
:28C:5459/1
:60F:D180112CNY150007441,49
:61:1801120112CD438,NMSCNONREF
32001615249059501288
:86:无锡中洋制冷设备有限公司 建行无锡招商城支行
//货款
:62F:D180112CNY150007879,49
-}{5:{CHK:}}

{1:}{2:IN}{3:{108:CTIS}}{4:
:20:37101985510050403879
:25:37101985510050403879
:28C:5460/1
:60F:D180112CNY150007879,49
:61:1801120112CD200000,NMSCNONREF
52001413600052506481
:86:贵州佳莱仕制冷设备有限公司 建行贵阳城北支行
//货款
:62F:D180112CNY150207879,49
-}{5:{CHK:}}

{1:}{2:IN}{3:{108:CTIS}}{4:
:20:37101985510050403879
:25:37101985510050403879
:28C:5461/1
:60F:D180112CNY150207879,49
:61:1801120112CD690,NMSCNONREF
3100027809200062654
:86:重庆润泰制冷设备有限公司 中国工商银行股份有限公司重庆分行业务处理中心
//电子汇入
:62F:D180112CNY150208569,49
-}{5:{CHK:}}

{1:}{2:IN}{3:{108:CTIS}}{4:
:20:37101985510050403879
:25:37101985510050403879
:28C:5462/1
:60F:D180112CNY150208569,49
:61:1801120112CD256581,NMSCNONREF
31050180470000000300
:86:上海凯觅制冷设备有限公司 建行上海莘松路支行
//货款QHC1712065FDCS
:62F:D180112CNY150465150,49
-}{5:{CHK:}}

{1:}{2:IN}{3:{108:CTIS}}{4:
:20:37101985510050403879
:25:37101985510050403879
:28C:5463/1
:60F:D180112CNY150465150,49
:61:1801120112CD181950,NMSCNONREF
31050180470000000300
:86:上海凯觅制冷设备有限公司 建行上海莘松路支行
//货款QHC1712060FDCS
:62F:D180112CNY150647100,49
-}{5:{CHK:}}

{1:}{2:IN}{3:{108:CTIS}}{4:
:20:37101985510050403879
:25:37101985510050403879
:28C:5464/1
:60F:D180112CNY150647100,49
:61:1801120112CD128200,NMSCNONREF
31050180470000000300
:86:上海凯觅制冷设备有限公司 建行上海莘松路支行
//货款QHC1712059FDCS
:62F:D180112CNY150775300,49
-}{5:{CHK:}}

{1:}{2:IN}{3:{108:CTIS}}{4:
:20:37101985510050403879
:25:37101985510050403879
:28C:5465/1
:60F:D180112CNY150775300,49
:61:1801120112CD2330,NMSCNONREF
800024712720010
:86:长沙恒捷科技发展有限公司 长沙银行股份有限公司湘银支行
//货款
:62F:D180112CNY150777630,49
-}{5:{CHK:}}

{1:}{2:IN}{3:{108:CTIS}}{4:
:20:37101985510050403879
:25:37101985510050403879
:28C:5466/1
:60F:D180112CNY150777630,49
:61:1801120112CD40000,NMSCNONREF
141000610018170096233
:86:山西兴达制冷机电有限公司 交通银行太原建设北路支行
//货款
:62F:D180112CNY150817630,49
-}{5:{CHK:}}

{1:}{2:IN}{3:{108:CTIS}}{4:
:20:37101985510050403879
:25:37101985510050403879
:28C:5467/1
:60F:D180112CNY150817630,49
:61:1801120112CD3096,NMSCNONREF
37101985110051003022
:86:青岛锐莱斯制冷设备有限公司 建行青岛山东路中央商务区支行
//货款
:62F:D180112CNY150820726,49
-}{5:{CHK:}}

{1:}{2:IN}{3:{108:CTIS}}{4:
:20:37101985510050403879
:25:37101985510050403879
:28C:5468/1
:60F:D180112CNY150820726,49
:61:1801120112CD175,NMSCNONREF
1022501021000737257
:86:安徽鑫合机电设备有限公司 徽商银行股份有限公司合肥三里庵支行
//电子汇入
:62F:D180112CNY150820901,49
-}{5:{CHK:}}

{1:}{2:IN}{3:{108:CTIS}}{4:
:20:37101985510050403879
:25:37101985510050403879
:28C:5469/1
:60F:D180112CNY150820901,49
:61:1801120112CD1831,NMSCNONREF
352000675018000490428
:86:厦门美联科尔曼制冷有限公司 交通银行厦门分行滨北支行
//货款
:62F:D180112CNY150822732,49
-}{5:{CHK:}}

{1:}{2:IN}{3:{108:CTIS}}{4:
:20:37101985510050403879
:25:37101985510050403879
:28C:5470/1
:60F:D180112CNY150822732,49
:61:1801120112CD135550,NMSCNONREF
41003000040006345
:86:深圳市碧波制冷设备有限公司 中国农业银行深圳市分行
//货款
:62F:D180112CNY150958282,49
-}{5:{CHK:}}

{1:}{2:IN}{3:{108:CTIS}}{4:
:20:37101985510050403879
:25:37101985510050403879
:28C:5471/1
:60F:D180112CNY150958282,49
:61:1801120112CD51104,NMSCNONREF
380558330032
:86:宁波曜达商用设备有限公司 中国银行股份有限公司宁波四眼碶支行
//货款货款
:62F:D180112CNY151009386,49
-}{5:{CHK:}}

{1:}{2:IN}{3:{108:CTIS}}{4:
:20:37101985510050403879
:25:37101985510050403879
:28C:5472/1
:60F:D180112CNY151009386,49
:61:1801120112CD37615,81NMSCNONREF
:86:青岛恒意全有限公司 
//货款
:62F:D180112CNY151047002,3
-}{5:{CHK:}}

{1:}{2:IN}{3:{108:CTIS}}{4:
:20:37101985510050403879
:25:37101985510050403879
:28C:5473/1
:60F:D180112CNY151047002,3
:61:1801120112CD106000,NMSCNONREF
283082806610001
:86:成都市人人乐商业有限公司 招商银行股份有限公司成都顺城大街支行
//付成都双楠店设备款付成都双楠店设备款
:62F:D180112CNY151153002,3
-}{5:{CHK:}}

{1:}{2:IN}{3:{108:CTIS}}{4:
:20:37101985510050403879
:25:37101985510050403879
:28C:5474/1
:60F:D180112CNY151153002,3
:61:1801120112CD64850,NMSCNONREF
283082806610001
:86:成都市人人乐商业有限公司 招商银行股份有限公司成都顺城大街支行
//付人人乐邛崃店设备款付人人乐邛崃店设备款
:62F:D180112CNY151217852,3
-}{5:{CHK:}}

{1:}{2:IN}{3:{108:CTIS}}{4:
:20:37101985510050403879
:25:37101985510050403879
:28C:5475/1
:60F:D180112CNY151217852,3
:61:1801120112CD47300,NMSCNONREF
123902006610902
:86:重庆市人人乐商业有限公司 招商银行重庆分行南岸支行
//付御景天成店设备款
:62F:D180112CNY151265152,3
-}{5:{CHK:}}

{1:}{2:IN}{3:{108:CTIS}}{4:
:20:37101985510050403879
:25:37101985510050403879
:28C:5476/1
:60F:D180112CNY151265152,3
:61:1801120112CD9900,NMSCNONREF
21050140430100000192
:86:沈阳顶峰机电有限公司 建行沈阳经济技术开发区支行
//货款
:62F:D180112CNY151275052,3
-}{5:{CHK:}}

{1:}{2:IN}{3:{108:CTIS}}{4:
:20:37101985510050403879
:25:37101985510050403879
:28C:5477/1
:60F:D180112CNY151275052,3
:61:1801120112CD29000,NMSCNONREF
222081752110002
:86:天津市人人乐商业有限公司 招商银行股份有限公司天津分行营业部
//付天津津塘店设备款
:62F:D180112CNY151304052,3
-}{5:{CHK:}}

{1:}{2:IN}{3:{108:CTIS}}{4:
:20:37101985510050403879
:25:37101985510050403879
:28C:5480/1
:60F:D180115CNY150885556,03
:61:1801150115CD24101,NMSCNONREF
0346010140800005413
:86:沈阳云翔制冷设备科技有限公司 盛京银行沈阳市中山支行
//货款货款
:62F:D180115CNY150909657,03
-}{5:{CHK:}}

{1:}{2:IN}{3:{108:CTIS}}{4:
:20:37101985510050403879
:25:37101985510050403879
:28C:5482/1
:60F:D180115CNY150901881,03
:61:1801150115CD1237,NMSCNONREF
129904420210106
:86:西安商鼎电子科技有限责任公司 招商银行股份有限公司西安南大街支行
//压缩机
:62F:D180115CNY150903118,03
-}{5:{CHK:}}

{1:}{2:IN}{3:{108:CTIS}}{4:
:20:37101985510050403879
:25:37101985510050403879
:28C:5483/1
:60F:D180115CNY150903118,03
:61:1801150115CD1632,NMSCNONREF
244222537935
:86:山东华盛达机电设备有限公司 中国银行股份有限公司潍坊潍城支行
//电子汇入
:62F:D180115CNY150904750,03
-}{5:{CHK:}}

{1:}{2:IN}{3:{108:CTIS}}{4:
:20:37101985510050403879
:25:37101985510050403879
:28C:5484/1
:60F:D180115CNY150904750,03
:61:1801150115CD60000,NMSCNONREF
257200486252
:86:郑州盛汇制冷设备有限公司 中国银行股份有限公司郑州东风路支行
//货款货款
:62F:D180115CNY150964750,03
-}{5:{CHK:}}

{1:}{2:IN}{3:{108:CTIS}}{4:
:20:37101985510050403879
:25:37101985510050403879
:28C:5486/1
:60F:D180115CNY147561969,48
:61:1801150115CD904,NMSCNONREF
4402210019100278771
:86:四川冰海制冷工程有限公司 中国工商银行股份有限公司四川省分行营业部业务处理中心
//电子汇入
:62F:D180115CNY147562873,48
-}{5:{CHK:}}

{1:}{2:IN}{3:{108:CTIS}}{4:
:20:37101985510050403879
:25:37101985510050403879
:28C:5487/1
:60F:D180115CNY147562873,48
:61:1801150115CD25008,NMSCNONREF
202202051806
:86:南昌飞达商用设备有限公司 中国银行南昌市昌北支行
//电子汇入
:62F:D180115CNY147587881,48
-}{5:{CHK:}}

{1:}{2:IN}{3:{108:CTIS}}{4:
:20:37101985510050403879
:25:37101985510050403879
:28C:5488/1
:60F:D180115CNY147587881,48
:61:1801150115CD7100,NMSCNONREF
90030188000069253
:86:扬州冰安制冷设备有限公司 江苏银行股份有限公司
//出金QHC1801009ZDO尾款
:62F:D180115CNY147594981,48
-}{5:{CHK:}}

{1:}{2:IN}{3:{108:CTIS}}{4:
:20:37101985510050403879
:25:37101985510050403879
:28C:5489/1
:60F:D180115CNY147594981,48
:61:1801150115CD15498,5NMSCNONREF
32201989044059951999
:86:苏州润瑞商业有限公司 建行苏州市兴元分理处
//货款 54145
:62F:D180115CNY147610479,98
-}{5:{CHK:}}

{1:}{2:IN}{3:{108:CTIS}}{4:
:20:37101985510050403879
:25:37101985510050403879
:28C:5490/1
:60F:D180115CNY147610479,98
:61:1801150115CD95315,NMSCNONREF
1022401021000847936
:86:安徽利克冷链节能设备有限公司 徽商银行股份有限公司合肥濉溪路支行
//货款
:62F:D180115CNY147705794,98
-}{5:{CHK:}}

{1:}{2:IN}{3:{108:CTIS}}{4:
:20:37101985510050403879
:25:37101985510050403879
:28C:5491/1
:60F:D180115CNY147705794,98
:61:1801150115CD1202,NMSCNONREF
1202052909900044335
:86:杭州冠宏制冷设备有限公司 中国工商银行股份有限公司浙江省分行营业部核算中心
//电子汇入
:62F:D180115CNY147706996,98
-}{5:{CHK:}}

{1:}{2:IN}{3:{108:CTIS}}{4:
:20:37101985510050403879
:25:37101985510050403879
:28C:5492/1
:60F:D180115CNY147706996,98
:61:1801150115CD348,NMSCNONREF
31050180470000000300
:86:上海凯觅制冷设备有限公司 建行上海莘松路支行
//货款
:62F:D180115CNY147707344,98
-}{5:{CHK:}}

{1:}{2:IN}{3:{108:CTIS}}{4:
:20:37101985510050403879
:25:37101985510050403879
:28C:5493/1
:60F:D180115CNY147707344,98
:61:1801150115CD4730,28NMSCNONREF
134033518010002317
:86:温州市勤华制冷设备有限公司 广发银行股份有限公司温州瓯海支行
//电子汇入
:62F:D180115CNY147712075,26
-}{5:{CHK:}}

{1:}{2:IN}{3:{108:CTIS}}{4:
:20:37101985510050403879
:25:37101985510050403879
:28C:5494/1
:60F:D180115CNY147712075,26
:61:1801150115CD13370,09NMSCNONREF
1001715019004103967
:86:昆山润华商业有限公司上海闵行分公司 中国工商银行上海市梅陇支行
//,
:62F:D180115CNY147725445,35
-}{5:{CHK:}}

{1:}{2:IN}{3:{108:CTIS}}{4:
:20:37101985510050403879
:25:37101985510050403879
:28C:5495/1
:60F:D180115CNY147725445,35
:61:1801150115CD10800,NMSCNONREF
1116040009300147547
:86:泗阳大润发商业有限公司 中国工商银行泗阳县支行营业部
//,
:62F:D180115CNY147736245,35
-}{5:{CHK:}}

{1:}{2:IN}{3:{108:CTIS}}{4:
:20:37101985510050403879
:25:37101985510050403879
:28C:5496/1
:60F:D180115CNY147736245,35
:61:1801150115CD25632,NMSCNONREF
4402006909000038708
:86:成都安瑞通商贸有限公司 中国工商银行股份有限公司四川省分行营业部业务处理中心
//电子汇入
:62F:D180115CNY147761877,35
-}{5:{CHK:}}

{1:}{2:IN}{3:{108:CTIS}}{4:
:20:37101985510050403879
:25:37101985510050403879
:28C:5497/1
:60F:D180115CNY147761877,35
:61:1801150115CD202,NMSCNONREF
1202052909900044335
:86:杭州冠宏制冷设备有限公司 中国工商银行股份有限公司浙江省分行营业部核算中心
//电子汇入
:62F:D180115CNY147762079,35
-}{5:{CHK:}}

{1:}{2:IN}{3:{108:CTIS}}{4:
:20:37101985510050403879
:25:37101985510050403879
:28C:5501/1
:60F:D180115CNY147505302,18
:61:1801150115CD49200,NMSCNONREF
134033518010002317
:86:温州市勤华制冷设备有限公司 广发银行股份有限公司温州瓯海支行
//电子汇入
:62F:D180115CNY147554502,18
-}{5:{CHK:}}

{1:}{2:IN}{3:{108:CTIS}}{4:
:20:37101985510050403879
:25:37101985510050403879
:28C:5502/1
:60F:D180115CNY147554502,18
:61:1801150115CD43880,5NMSCNONREF
3202008309000448389
:86:中百仓储超市有限公司 中国工商银行湖北省分行营业部会计业务处理中心
//货款，转青岛建行海尔路支行
:62F:D180115CNY147598382,68
-}{5:{CHK:}}

{1:}{2:IN}{3:{108:CTIS}}{4:
:20:37101985510050403879
:25:37101985510050403879
:28C:5503/1
:60F:D180115CNY147598382,68
:61:1801150115CD4090,NMSCNONREF
622357488674
:86:桂林冰海制冷空调装饰有限公司 中国银行股份有限公司桂林市中山北路支行
//货款
:62F:D180115CNY147602472,68
-}{5:{CHK:}}

{1:}{2:IN}{3:{108:CTIS}}{4:
:20:37101985510050403879
:25:37101985510050403879
:28C:5504/1
:60F:D180115CNY147602472,68
:61:1801150115CD55776,NMSCNONREF
2801012090084651
:86:南宁市古得制冷设备工程有限公司 广西北部湾银行股份有限公司南宁市民族支行
//货款货款
:62F:D180115CNY147658248,68
-}{5:{CHK:}}

{1:}{2:IN}{3:{108:CTIS}}{4:
:20:37101985510050403879
:25:37101985510050403879
:28C:5505/1
:60F:D180115CNY147658248,68
:61:1801150115CD10896,NMSCNONREF
2801012090084651
:86:南宁市古得制冷设备工程有限公司 广西北部湾银行股份有限公司南宁市民族支行
//货款
:62F:D180115CNY147669144,68
-}{5:{CHK:}}

{1:}{2:IN}{3:{108:CTIS}}{4:
:20:37101985510050403879
:25:37101985510050403879
:28C:5506/1
:60F:D180115CNY147669144,68
:61:1801150115CD12432,NMSCNONREF
2801012090084651
:86:南宁市古得制冷设备工程有限公司 广西北部湾银行股份有限公司南宁市民族支行
//货款
:62F:D180115CNY147681576,68
-}{5:{CHK:}}

{1:}{2:IN}{3:{108:CTIS}}{4:
:20:37101985510050403879
:25:37101985510050403879
:28C:5507/1
:60F:D180115CNY147681576,68
:61:1801150115CD43584,NMSCNONREF
31050110615800000308
:86:上海寂文实业有限公司 建行上海虹桥会展支行
//货款
:62F:D180115CNY147725160,68
-}{5:{CHK:}}

{1:}{2:IN}{3:{108:CTIS}}{4:
:20:37101985510050403879
:25:37101985510050403879
:28C:5508/1
:60F:D180116CNY147725160,68
:61:1801160116CD2650,NMSCNONREF
1209180548079372
:86:哈尔滨海晟制冷设备有限公司 哈尔滨银行股份有限公司红旗支行
//货款 货款
:62F:D180116CNY147727810,68
-}{5:{CHK:}}

{1:}{2:IN}{3:{108:CTIS}}{4:
:20:37101985510050403879
:25:37101985510050403879
:28C:5509/1
:60F:D180116CNY147727810,68
:61:1801160116CD1300,NMSCNONREF
232080535610001
:86:重庆天山制冷设备工程有限公司 招商银行重庆分行较场口支行
//配件
:62F:D180116CNY147729110,68
-}{5:{CHK:}}

{1:}{2:IN}{3:{108:CTIS}}{4:
:20:37101985510050403879
:25:37101985510050403879
:28C:5510/1
:60F:D180116CNY147729110,68
:61:1801160116CD1422,NMSCNONREF
42201331401050201810
:86:宜昌市天歌制冷设备有限公司 建行宜昌星火路支行
//货款
:62F:D180116CNY147730532,68
-}{5:{CHK:}}

{1:}{2:IN}{3:{108:CTIS}}{4:
:20:37101985510050403879
:25:37101985510050403879
:28C:5511/1
:60F:D180116CNY147730532,68
:61:1801160116CD1267,NMSCNONREF
1209180548079372
:86:哈尔滨海晟制冷设备有限公司 哈尔滨银行股份有限公司红旗支行
//货款 货款
:62F:D180116CNY147731799,68
-}{5:{CHK:}}

{1:}{2:IN}{3:{108:CTIS}}{4:
:20:37101985510050403879
:25:37101985510050403879
:28C:5512/1
:60F:D180116CNY147731799,68
:61:1801160116CD104849,2NMSCNONREF
152401117113
:86:内蒙古富苑制冷设备有限公司 中国银行股份有限公司呼和浩特市财险大厦支行
//电子汇入
:62F:D180116CNY147836648,88
-}{5:{CHK:}}

{1:}{2:IN}{3:{108:CTIS}}{4:
:20:37101985510050403879
:25:37101985510050403879
:28C:5513/1
:60F:D180116CNY147836648,88
:61:1801160116CD237780,NMSCNONREF
31050180470000000300
:86:上海凯觅制冷设备有限公司 建行上海莘松路支行
//货款QHC1712123FDCS
:62F:D180116CNY148074428,88
-}{5:{CHK:}}

{1:}{2:IN}{3:{108:CTIS}}{4:
:20:37101985510050403879
:25:37101985510050403879
:28C:5514/1
:60F:D180116CNY148074428,88
:61:1801160116CD518,NMSCNONREF
4402210019100278771
:86:四川冰海制冷工程有限公司 中国工商银行股份有限公司四川省分行营业部业务处理中心
//电子汇入
:62F:D180116CNY148074946,88
-}{5:{CHK:}}

{1:}{2:IN}{3:{108:CTIS}}{4:
:20:37101985510050403879
:25:37101985510050403879
:28C:5515/1
:60F:D180116CNY148074946,88
:61:1801160116CD570,NMSCNONREF
41003000040006345
:86:深圳市碧波制冷设备有限公司 中国农业银行深圳市分行
//货款
:62F:D180116CNY148075516,88
-}{5:{CHK:}}

{1:}{2:IN}{3:{108:CTIS}}{4:
:20:37101985510050403879
:25:37101985510050403879
:28C:5516/1
:60F:D180116CNY148075516,88
:61:1801160116CD1440,NMSCNONREF
0103014170016840
:86:北京捷康伟业科技有限公司 中国民生银行股份有限公司北京阜成门支行
//货款300个前边卡子，40个后边卡子
:62F:D180116CNY148076956,88
-}{5:{CHK:}}

{1:}{2:IN}{3:{108:CTIS}}{4:
:20:37101985510050403879
:25:37101985510050403879
:28C:5517/1
:60F:D180116CNY148076956,88
:61:1801160116CD45523,NMSCNONREF
445560628866
:86:上海杨沃实业有限公司 中国银行上海市分行营业部
//货款
:62F:D180116CNY148122479,88
-}{5:{CHK:}}

{1:}{2:IN}{3:{108:CTIS}}{4:
:20:37101985510050403879
:25:37101985510050403879
:28C:5518/1
:60F:D180116CNY148122479,88
:61:1801160116CD46600,NMSCNONREF
31050110615800000308
:86:上海寂文实业有限公司 建行上海虹桥会展支行
//货款
:62F:D180116CNY148169079,88
-}{5:{CHK:}}

{1:}{2:IN}{3:{108:CTIS}}{4:
:20:37101985510050403879
:25:37101985510050403879
:28C:5573/1
:60F:D180116CNY124881645,55
:61:1801160116CD19949,NMSCNONREF
24041501040005124
:86:曲靖家乐福超市有限公司 中国农业银行股份有限公司曲靖分行（不对外）
//资产货款0K00000010
:62F:D180116CNY124901594,55
-}{5:{CHK:}}

{1:}{2:IN}{3:{108:CTIS}}{4:
:20:37101985510050403879
:25:37101985510050403879
:28C:5574/1
:60F:D180116CNY124901594,55
:61:1801160116CD1319000,NMSCNONREF
422172535600
:86:永辉超市股份有限公司 中国银行福州市鼓楼支行
//190000096724002018安徽超市设备款190000096724002018安徽超市设备款
:62F:D180116CNY126220594,55
-}{5:{CHK:}}

{1:}{2:IN}{3:{108:CTIS}}{4:
:20:37101985510050403879
:25:37101985510050403879
:28C:5575/1
:60F:D180116CNY126220594,55
:61:1801160116CD1440700,NMSCNONREF
422172535600
:86:永辉超市股份有限公司 中国银行福州市鼓楼支行
//190000135422022018四川超市设备款190000135422022018四川超市设备款
:62F:D180116CNY127661294,55
-}{5:{CHK:}}

{1:}{2:IN}{3:{108:CTIS}}{4:
:20:37101985510050403879
:25:37101985510050403879
:28C:5576/1
:60F:D180116CNY127661294,55
:61:1801160116CD1977700,NMSCNONREF
422172535600
:86:永辉超市股份有限公司 中国银行福州市鼓楼支行
//190000074022062018陕西超市设备款190000074022062018陕西超市设备款
:62F:D180116CNY129638994,55
-}{5:{CHK:}}

{1:}{2:IN}{3:{108:CTIS}}{4:
:20:37101985510050403879
:25:37101985510050403879
:28C:5577/1
:60F:D180116CNY129638994,55
:61:1801160116CD32544,NMSCNONREF
13110101040016266
:86:河北永辉超市有限公司 中国农业银行福州市鼓楼支行营业厅
//１９００００１０５５２３０３２０１８工程
:62F:D180116CNY129671538,55
-}{5:{CHK:}}

{1:}{2:IN}{3:{108:CTIS}}{4:
:20:37101985510050403879
:25:37101985510050403879
:28C:5578/1
:60F:D180116CNY129671538,55
:61:1801160116CD603800,NMSCNONREF
32462028010026177
:86:上海勤锦制冷设备有限公司 上海农商银行
//20套变频机10套后补库
:62F:D180116CNY130275338,55
-}{5:{CHK:}}

{1:}{2:IN}{3:{108:CTIS}}{4:
:20:37101985510050403879
:25:37101985510050403879
:28C:5579/1
:60F:D180116CNY130275338,55
:61:1801160116CD1800,NMSCNONREF
376010100100949455
:86:济南华联超市有限公司便利连锁高新分公司 兴业银行股份有限公司济南分行营业部
//工程款
:62F:D180116CNY130277138,55
-}{5:{CHK:}}

{1:}{2:IN}{3:{108:CTIS}}{4:
:20:37101985510050403879
:25:37101985510050403879
:28C:5580/1
:60F:D180116CNY130277138,55
:61:1801160116CD3740,NMSCNONREF
376010100100949087
:86:济南华联超市有限公司便利连锁分公司 兴业银行股份有限公司济南分行营业部
//工程款
:62F:D180116CNY130280878,55
-}{5:{CHK:}}

{1:}{2:IN}{3:{108:CTIS}}{4:
:20:37101985510050403879
:25:37101985510050403879
:28C:5581/1
:60F:D180116CNY130280878,55
:61:1801160116CD3532,NMSCNONREF
376010100100949103
:86:济南华联超市有限公司便利连锁市中分公司 兴业银行股份有限公司济南分行营业部
//工程款
:62F:D180116CNY130284410,55
-}{5:{CHK:}}

{1:}{2:IN}{3:{108:CTIS}}{4:
:20:37101985510050403879
:25:37101985510050403879
:28C:5582/1
:60F:D180116CNY130284410,55
:61:1801160116CD5600,NMSCNONREF
376010100100949217
:86:济南华联超市有限公司便利连锁历城分公司 兴业银行股份有限公司济南分行营业部
//工程款
:62F:D180116CNY130290010,55
-}{5:{CHK:}}

{1:}{2:IN}{3:{108:CTIS}}{4:
:20:37101985510050403879
:25:37101985510050403879
:28C:5583/1
:60F:D180116CNY130290010,55
:61:1801160116CD13099,NMSCNONREF
0410000129300085317
:86:石家庄家乐福商业有限公司廊坊新华路店 中国工商银行廊坊解放支行
//0K0000001000000292660K000000100000029266
:62F:D180116CNY130303109,55
-}{5:{CHK:}}

{1:}{2:IN}{3:{108:CTIS}}{4:
:20:37101985510050403879
:25:37101985510050403879
:28C:5584/1
:60F:D180116CNY130303109,55
:61:1801160116CD825,NMSCNONREF
0302070629300050407
:86:天津家福商业有限公司 中国工商银行天津市东北角支行
//0K0000001000000347130K000000100000034713
:62F:D180116CNY130303934,55
-}{5:{CHK:}}

{1:}{2:IN}{3:{108:CTIS}}{4:
:20:37101985510050403879
:25:37101985510050403879
:28C:5585/1
:60F:D180116CNY130303934,55
:61:1801160116CD11477,14NMSCNONREF
0302070629300144393
:86:天津劝业家乐福超市有限公司 中国工商银行天津市东北角支行
//0K0000001000000257010K000000100000025701
:62F:D180116CNY130315411,69
-}{5:{CHK:}}

{1:}{2:IN}{3:{108:CTIS}}{4:
:20:37101985510050403879
:25:37101985510050403879
:28C:5586/1
:60F:D180116CNY130315411,69
:61:1801160116CD32687,02NMSCNONREF
3803020129200328133
:86:青岛家乐福商业有限公司 中国工商银行股份有限公司青岛山东路支行
//0K0000001000000411750K000000100000041175
:62F:D180116CNY130348098,71
-}{5:{CHK:}}

{1:}{2:IN}{3:{108:CTIS}}{4:
:20:37101985510050403879
:25:37101985510050403879
:28C:5587/1
:60F:D180116CNY130348098,71
:61:1801160116CD22640,NMSCNONREF
526166225543
:86:徐州悦家商业有限公司 中国银行股份有限公司徐州分行
//0K000000100000040093
:62F:D180116CNY130370738,71
-}{5:{CHK:}}

{1:}{2:IN}{3:{108:CTIS}}{4:
:20:37101985510050403879
:25:37101985510050403879
:28C:5588/1
:60F:D180116CNY130370738,71
:61:1801160116CD42500,NMSCNONREF
53050167714500000108
:86:文山东园商贸有限公司大众超市金光傲城店 建行文山凤凰路支行
//青岛海尔货款
:62F:D180116CNY130413238,71
-}{5:{CHK:}}

{1:}{2:IN}{3:{108:CTIS}}{4:
:20:37101985510050403879
:25:37101985510050403879
:28C:5589/1
:60F:D180116CNY130413238,71
:61:1801160116CD2648,NMSCNONREF
114405392790
:86:重庆家乐福商业有限公司 中国银行重庆市分行九龙坡支行
//0K000000100000064690
:62F:D180116CNY130415886,71
-}{5:{CHK:}}

{1:}{2:IN}{3:{108:CTIS}}{4:
:20:37101985510050403879
:25:37101985510050403879
:28C:5590/1
:60F:D180116CNY130415886,71
:61:1801160116CD36000,NMSCNONREF
2010020129200048542
:86:东莞家乐福商业有限公司 中国工商银行股份有限公司东莞城区支行
//0K000000100000045265
:62F:D180116CNY130451886,71
-}{5:{CHK:}}

{1:}{2:IN}{3:{108:CTIS}}{4:
:20:37101985510050403879
:25:37101985510050403879
:28C:5591/1
:60F:D180117CNY130451886,71
:61:1801170117CD11137,NMSCNONREF
152401117113
:86:内蒙古富苑制冷设备有限公司 中国银行股份有限公司呼和浩特市财险大厦支行
//电子汇入
:62F:D180117CNY130463023,71
-}{5:{CHK:}}

{1:}{2:IN}{3:{108:CTIS}}{4:
:20:37101985510050403879
:25:37101985510050403879
:28C:5592/1
:60F:D180117CNY130463023,71
:61:1801170117CD24000,NMSCNONREF
715023818011
:86:河北保龙仓家乐福商业有限公司 汇丰银行(中国)有限公司上海分行
//HS201801170000070K0000001000000025590K000000100000002559
:62F:D180117CNY130487023,71
-}{5:{CHK:}}

{1:}{2:IN}{3:{108:CTIS}}{4:
:20:37101985510050403879
:25:37101985510050403879
:28C:5593/1
:60F:D180117CNY130487023,71
:61:1801170117CD155776,99NMSCNONREF
715005765011
:86:武汉汉福超市有限公司 汇丰银行(中国)有限公司上海分行
//HS201801170003210K0000001000000035230K000000100000003523
:62F:D180117CNY130642800,7
-}{5:{CHK:}}

{1:}{2:IN}{3:{108:CTIS}}{4:
:20:37101985510050403879
:25:37101985510050403879
:28C:5594/1
:60F:D180117CNY130642800,7
:61:1801170117CD5000,NMSCNONREF
715003133011
:86:呼和浩特家乐福商业有限公司 汇丰银行(中国)有限公司上海分行
//HS201801170001590K0000001000000016150K000000100000001615
:62F:D180117CNY130647800,7
-}{5:{CHK:}}

{1:}{2:IN}{3:{108:CTIS}}{4:
:20:37101985510050403879
:25:37101985510050403879
:28C:5595/1
:60F:D180117CNY130647800,7
:61:1801170117CD11580,NMSCNONREF
715003158011
:86:四川家乐福商业有限公司 汇丰银行(中国)有限公司上海分行
//HS201801170004610K0000001000000034390K000000100000003439
:62F:D180117CNY130659380,7
-}{5:{CHK:}}

{1:}{2:IN}{3:{108:CTIS}}{4:
:20:37101985510050403879
:25:37101985510050403879
:28C:5596/1
:60F:D180117CNY130659380,7
:61:1801170117CD12000,NMSCNONREF
715003141011
:86:山东家乐福商业有限公司 汇丰银行(中国)有限公司上海分行
//HS201801170006370K0000001000000019360K000000100000001936
:62F:D180117CNY130671380,7
-}{5:{CHK:}}

{1:}{2:IN}{3:{108:CTIS}}{4:
:20:37101985510050403879
:25:37101985510050403879
:28C:5597/1
:60F:D180117CNY130671380,7
:61:1801170117CD275529,NMSCNONREF
1209010178522077
:86:哈尔滨伟齐经贸有限公司 哈尔滨银行股份有限公司科融支行
//货款 货款
:62F:D180117CNY130946909,7
-}{5:{CHK:}}

{1:}{2:IN}{3:{108:CTIS}}{4:
:20:37101985510050403879
:25:37101985510050403879
:28C:5598/1
:60F:D180117CNY130946909,7
:61:1801170117CD3516,NMSCNONREF
1209010178522077
:86:哈尔滨伟齐经贸有限公司 哈尔滨银行股份有限公司科融支行
//货款 货款
:62F:D180117CNY130950425,7
-}{5:{CHK:}}

{1:}{2:IN}{3:{108:CTIS}}{4:
:20:37101985510050403879
:25:37101985510050403879
:28C:5599/1
:60F:D180117CNY130950425,7
:61:1801170117CD46957,99NMSCNONREF
470264600895
:86:无锡悦家商业有限公司 中国银行股份有限公司无锡分行
//0K000000100000064941
:62F:D180117CNY130997383,69
-}{5:{CHK:}}

{1:}{2:IN}{3:{108:CTIS}}{4:
:20:37101985510050403879
:25:37101985510050403879
:28C:5600/1
:60F:D180117CNY130997383,69
:61:1801170117CD20330,4NMSCNONREF
152401117113
:86:内蒙古富苑制冷设备有限公司 中国银行股份有限公司呼和浩特市财险大厦支行
//电子汇入
:62F:D180117CNY131017714,09
-}{5:{CHK:}}

{1:}{2:IN}{3:{108:CTIS}}{4:
:20:37101985510050403879
:25:37101985510050403879
:28C:5601/1
:60F:D180117CNY131017714,09
:61:1801170117CD89790,01NMSCNONREF
0200053829200267486
:86:北京家乐福商业有限公司 中国工商银行股份有限公司北京方庄支行
//0K0000001000000950950K000000100000095095
:62F:D180117CNY131107504,1
-}{5:{CHK:}}

{1:}{2:IN}{3:{108:CTIS}}{4:
:20:37101985510050403879
:25:37101985510050403879
:28C:5602/1
:60F:D180117CNY131107504,1
:61:1801170117CD99569,66NMSCNONREF
433865378647
:86:苏州悦家超市有限公司 中国银行上海市分行营业部
//0K0000001000000601140K000000100000060114
:62F:D180117CNY131207073,76
-}{5:{CHK:}}

{1:}{2:IN}{3:{108:CTIS}}{4:
:20:37101985510050403879
:25:37101985510050403879
:28C:5603/1
:60F:D180117CNY131207073,76
:61:1801170117CD11639,96NMSCNONREF
3301001529242046321
:86:沈阳家乐福商业有限公司 中国工商银行沈阳市新北支行
//0K0000001000000301970K000000100000030197
:62F:D180117CNY131218713,72
-}{5:{CHK:}}

{1:}{2:IN}{3:{108:CTIS}}{4:
:20:37101985510050403879
:25:37101985510050403879
:28C:5604/1
:60F:D180117CNY131218713,72
:61:1801170117CD105008,NMSCNONREF
62870183910000023
:86:昆明家乐福超市有限公司 华夏银行昆明分行大观支行
//0K000000100000067387
:62F:D180117CNY131323721,72
-}{5:{CHK:}}

{1:}{2:IN}{3:{108:CTIS}}{4:
:20:37101985510050403879
:25:37101985510050403879
:28C:5605/1
:60F:D180117CNY131323721,72
:61:1801170117CD314860,NMSCNONREF
1001210029300005644
:86:上海联家超市有限公司 中国工商银行上海市长寿路支行
//0K0000001000001065130K000000100000106513
:62F:D180117CNY131638581,72
-}{5:{CHK:}}

{1:}{2:IN}{3:{108:CTIS}}{4:
:20:37101985510050403879
:25:37101985510050403879
:28C:5606/1
:60F:D180117CNY131638581,72
:61:1801170117CD9343,NMSCNONREF
0382070140200000298
:86:沈阳汇众冰安机电设备有限公司 盛京银行沈阳市大北关支行
//大石桥柳树店货款
:62F:D180117CNY131647924,72
-}{5:{CHK:}}

{1:}{2:IN}{3:{108:CTIS}}{4:
:20:37101985510050403879
:25:37101985510050403879
:28C:5607/1
:60F:D180117CNY131647924,72
:61:1801170117CD9343,NMSCNONREF
0382070140200000298
:86:沈阳汇众冰安机电设备有限公司 盛京银行沈阳市大北关支行
//大石桥御龙店货款
:62F:D180117CNY131657267,72
-}{5:{CHK:}}

{1:}{2:IN}{3:{108:CTIS}}{4:
:20:37101985510050403879
:25:37101985510050403879
:28C:5608/1
:60F:D180117CNY131657267,72
:61:1801170117CD18263,NMSCNONREF
0382070140200000298
:86:沈阳汇众冰安机电设备有限公司 盛京银行沈阳市大北关支行
//大石桥民政局货款
:62F:D180117CNY131675530,72
-}{5:{CHK:}}

{1:}{2:IN}{3:{108:CTIS}}{4:
:20:37101985510050403879
:25:37101985510050403879
:28C:5609/1
:60F:D180117CNY131675530,72
:61:1801170117CD9339,NMSCNONREF
0382070140200000298
:86:沈阳汇众冰安机电设备有限公司 盛京银行沈阳市大北关支行
//大石桥东昌店货款
:62F:D180117CNY131684869,72
-}{5:{CHK:}}

{1:}{2:IN}{3:{108:CTIS}}{4:
:20:37101985510050403879
:25:37101985510050403879
:28C:5610/1
:60F:D180117CNY131684869,72
:61:1801170117CD50,NMSCNONREF
4402088109024920993
:86:成都仁智机电有限公司 中国工商银行股份有限公司四川省分行营业部业务处理中心
//电子汇入
:62F:D180117CNY131684919,72
-}{5:{CHK:}}

{1:}{2:IN}{3:{108:CTIS}}{4:
:20:37101985510050403879
:25:37101985510050403879
:28C:5611/1
:60F:D180117CNY131684919,72
:61:1801170117CD1348,NMSCNONREF
0346010140800005413
:86:沈阳云翔制冷设备科技有限公司 盛京银行沈阳市中山支行
//货款货款
:62F:D180117CNY131686267,72
-}{5:{CHK:}}

{1:}{2:IN}{3:{108:CTIS}}{4:
:20:37101985510050403879
:25:37101985510050403879
:28C:5612/1
:60F:D180117CNY131686267,72
:61:1801170117CD47407,5NMSCNONREF
4402006909000038708
:86:成都安瑞通商贸有限公司 中国工商银行股份有限公司四川省分行营业部业务处理中心
//电子汇入
:62F:D180117CNY131733675,22
-}{5:{CHK:}}

{1:}{2:IN}{3:{108:CTIS}}{4:
:20:37101985510050403879
:25:37101985510050403879
:28C:5613/1
:60F:D180117CNY131733675,22
:61:1801170117CD5184,NMSCNONREF
202202051806
:86:南昌飞达商用设备有限公司 中国银行南昌市昌北支行
//电子汇入
:62F:D180117CNY131738859,22
-}{5:{CHK:}}

{1:}{2:IN}{3:{108:CTIS}}{4:
:20:37101985510050403879
:25:37101985510050403879
:28C:5614/1
:60F:D180117CNY131738859,22
:61:1801170117CD122150,NMSCNONREF
1302041909022619077
:86:合肥悦家商业有限公司 中国工商银行合肥市宿州路支行
//0K0000001000000813820K000000100000081382
:62F:D180117CNY131861009,22
-}{5:{CHK:}}

{1:}{2:IN}{3:{108:CTIS}}{4:
:20:37101985510050403879
:25:37101985510050403879
:28C:5615/1
:60F:D180117CNY131861009,22
:61:1801170117CD616,01NMSCNONREF
601563361624
:86:长沙家乐福超市有限责任公司 中国银行股份有限公司湖南省分行
//0K000000100000034740
:62F:D180117CNY131861625,23
-}{5:{CHK:}}

{1:}{2:IN}{3:{108:CTIS}}{4:
:20:37101985510050403879
:25:37101985510050403879
:28C:5616/1
:60F:D180117CNY131861625,23
:61:1801170117CD47580,NMSCNONREF
129327049895
:86:成都家乐福超市有限公司 中国银行股份有限公司成都蜀都大道支行
//0K000000100000072294
:62F:D180117CNY131909205,23
-}{5:{CHK:}}

{1:}{2:IN}{3:{108:CTIS}}{4:
:20:37101985510050403879
:25:37101985510050403879
:28C:5617/1
:60F:D180117CNY131909205,23
:61:1801170117CD274944,NMSCNONREF
1209180548079372
:86:哈尔滨海晟制冷设备有限公司 哈尔滨银行股份有限公司红旗支行
//货款 货款
:62F:D180117CNY132184149,23
-}{5:{CHK:}}

{1:}{2:IN}{3:{108:CTIS}}{4:
:20:37101985510050403879
:25:37101985510050403879
:28C:5618/1
:60F:D180117CNY132184149,23
:61:1801170117CD285,NMSCNONREF
1209180548079372
:86:哈尔滨海晟制冷设备有限公司 哈尔滨银行股份有限公司红旗支行
//货款 货款
:62F:D180117CNY132184434,23
-}{5:{CHK:}}

{1:}{2:IN}{3:{108:CTIS}}{4:
:20:37101985510050403879
:25:37101985510050403879
:28C:5619/1
:60F:D180117CNY132184434,23
:61:1801170117CD76808,NMSCNONREF
21050140430100000192
:86:沈阳顶峰机电有限公司 建行沈阳经济技术开发区支行
//货款
:62F:D180117CNY132261242,23
-}{5:{CHK:}}

{1:}{2:IN}{3:{108:CTIS}}{4:
:20:37101985510050403879
:25:37101985510050403879
:28C:5620/1
:60F:D180117CNY132261242,23
:61:1801170117CD47426,NMSCNONREF
21050140430100000192
:86:沈阳顶峰机电有限公司 建行沈阳经济技术开发区支行
//货款
:62F:D180117CNY132308668,23
-}{5:{CHK:}}

{1:}{2:IN}{3:{108:CTIS}}{4:
:20:37101985510050403879
:25:37101985510050403879
:28C:5621/1
:60F:D180117CNY132308668,23
:61:1801170117CD8373,NMSCNONREF
21050140430100000192
:86:沈阳顶峰机电有限公司 建行沈阳经济技术开发区支行
//货款
:62F:D180117CNY132317041,23
-}{5:{CHK:}}

{1:}{2:IN}{3:{108:CTIS}}{4:
:20:37101985510050403879
:25:37101985510050403879
:28C:5622/1
:60F:D180117CNY132317041,23
:61:1801170117CD50,NMSCNONREF
1209180548079372
:86:哈尔滨海晟制冷设备有限公司 哈尔滨银行股份有限公司红旗支行
//货款 货款
:62F:D180117CNY132317091,23
-}{5:{CHK:}}

{1:}{2:IN}{3:{108:CTIS}}{4:
:20:37101985510050403879
:25:37101985510050403879
:28C:5623/1
:60F:D180117CNY132317091,23
:61:1801170117CD1704,NMSCNONREF
232080535610001
:86:重庆天山制冷设备工程有限公司 招商银行重庆分行较场口支行
//配件
:62F:D180117CNY132318795,23
-}{5:{CHK:}}

{1:}{2:IN}{3:{108:CTIS}}{4:
:20:37101985510050403879
:25:37101985510050403879
:28C:5624/1
:60F:D180117CNY132318795,23
:61:1801170117CD34304,NMSCNONREF
1001195209006889060
:86:上海山诺制冷电器设备工程有限公司 中国工商银行上海市分行业务营运中心
//电子汇入
:62F:D180117CNY132353099,23
-}{5:{CHK:}}

{1:}{2:IN}{3:{108:CTIS}}{4:
:20:37101985510050403879
:25:37101985510050403879
:28C:5625/1
:60F:D180118CNY132353099,23
:61:1801180118CD200000,NMSCNONREF
3100027809200062654
:86:重庆润泰制冷设备有限公司 中国工商银行股份有限公司重庆分行业务处理中心
//电子汇入
:62F:D180118CNY132553099,23
-}{5:{CHK:}}

{1:}{2:IN}{3:{108:CTIS}}{4:
:20:37101985510050403879
:25:37101985510050403879
:28C:5626/1
:60F:D180118CNY132553099,23
:61:1801180118CD266199,NMSCNONREF
3100027809200062654
:86:重庆润泰制冷设备有限公司 中国工商银行股份有限公司重庆分行业务处理中心
//电子汇入
:62F:D180118CNY132819298,23
-}{5:{CHK:}}

{1:}{2:IN}{3:{108:CTIS}}{4:
:20:37101985510050403879
:25:37101985510050403879
:28C:5627/1
:60F:D180118CNY132819298,23
:61:1801180118CD1321,NMSCNONREF
3100027809200062654
:86:重庆润泰制冷设备有限公司 中国工商银行股份有限公司重庆分行业务处理中心
//电子汇入
:62F:D180118CNY132820619,23
-}{5:{CHK:}}

{1:}{2:IN}{3:{108:CTIS}}{4:
:20:37101985510050403879
:25:37101985510050403879
:28C:5628/1
:60F:D180118CNY132820619,23
:61:1801180118CD794410,NMSCNONREF
42201331401050201810
:86:宜昌市天歌制冷设备有限公司 建行宜昌星火路支行
//货款
:62F:D180118CNY133615029,23
-}{5:{CHK:}}

{1:}{2:IN}{3:{108:CTIS}}{4:
:20:37101985510050403879
:25:37101985510050403879
:28C:5629/1
:60F:D180118CNY133615029,23
:61:1801180118CD249500,NMSCNONREF
32462028010026177
:86:上海勤锦制冷设备有限公司 上海农商银行
//30台午餐柜
:62F:D180118CNY133864529,23
-}{5:{CHK:}}

{1:}{2:IN}{3:{108:CTIS}}{4:
:20:37101985510050403879
:25:37101985510050403879
:28C:5630/1
:60F:D180118CNY133864529,23
:61:1801180118CD11998,35NMSCNONREF
42050181363809669999
:86:随州大润发商业有限公司 建行随州城中支行
//货款  53911
:62F:D180118CNY133876527,58
-}{5:{CHK:}}

{1:}{2:IN}{3:{108:CTIS}}{4:
:20:37101985510050403879
:25:37101985510050403879
:28C:5631/1
:60F:D180118CNY133876527,58
:61:1801180118CD1831,05NMSCNONREF
42001688636059888888
:86:孝感大润发商业有限公司 建行孝感文城支行
//货款  53911
:62F:D180118CNY133878358,63
-}{5:{CHK:}}

{1:}{2:IN}{3:{108:CTIS}}{4:
:20:37101985510050403879
:25:37101985510050403879
:28C:5632/1
:60F:D180118CNY133878358,63
:61:1801180118CD2194,92NMSCNONREF
43001521268059666818
:86:常德大润发商业有限公司 建行常德武陵大道支行
//货款  53911
:62F:D180118CNY133880553,55
-}{5:{CHK:}}

{1:}{2:IN}{3:{108:CTIS}}{4:
:20:37101985510050403879
:25:37101985510050403879
:28C:5633/1
:60F:D180118CNY133880553,55
:61:1801180118CD1671,93NMSCNONREF
104020475417
:86:兰州大润发商业有限公司 中国银行股份有限公司兰州市高新区中心支行
//货款  53911
:62F:D180118CNY133882225,48
-}{5:{CHK:}}

{1:}{2:IN}{3:{108:CTIS}}{4:
:20:37101985510050403879
:25:37101985510050403879
:28C:5634/1
:60F:D180118CNY133882225,48
:61:1801180118CD1969,11NMSCNONREF
17576401040001467
:86:天门大润发商业有限公司 中国农业银行股份有限公司天门候口支行
//货款  53911
:62F:D180118CNY133884194,59
-}{5:{CHK:}}

{1:}{2:IN}{3:{108:CTIS}}{4:
:20:37101985510050403879
:25:37101985510050403879
:28C:5635/1
:60F:D180118CNY133884194,59
:61:1801180118CD678,6NMSCNONREF
611301032018160055405
:86:西安大润发超市有限公司 交通银行股份有限公司陕西省分行
//货款  53911
:62F:D180118CNY133884873,19
-}{5:{CHK:}}

{1:}{2:IN}{3:{108:CTIS}}{4:
:20:37101985510050403879
:25:37101985510050403879
:28C:5636/1
:60F:D180118CNY133884873,19
:61:1801180118CD2995,2NMSCNONREF
18010901040014026
:86:浏阳市大润发商业有限公司 中国农业银行股份有限公司浏阳市支行
//货款  53911
:62F:D180118CNY133887868,39
-}{5:{CHK:}}

{1:}{2:IN}{3:{108:CTIS}}{4:
:20:37101985510050403879
:25:37101985510050403879
:28C:5637/1
:60F:D180118CNY133887868,39
:61:1801180118CD2581,02NMSCNONREF
951004010000300065
:86:宜宾大润发商业有限公司 中国邮政储蓄银行有限责任公司宜宾市南岸建国路支行
//电子汇入
:62F:D180118CNY133890449,41
-}{5:{CHK:}}

{1:}{2:IN}{3:{108:CTIS}}{4:
:20:37101985510050403879
:25:37101985510050403879
:28C:5638/1
:60F:D180118CNY133890449,41
:61:1801180118CD7505,55NMSCNONREF
18161101040008030
:86:株洲润华商业有限公司 中国农业银行股份有限公司株洲荷塘支行
//货款  53911
:62F:D180118CNY133897954,96
-}{5:{CHK:}}

{1:}{2:IN}{3:{108:CTIS}}{4:
:20:37101985510050403879
:25:37101985510050403879
:28C:5639/1
:60F:D180118CNY133897954,96
:61:1801180118CD220703,NMSCNONREF
4402002109000057375
:86:成都北寒机电有限公司 中国工商银行股份有限公司四川省分行营业部业务处理中心
//电子汇入
:62F:D180118CNY134118657,96
-}{5:{CHK:}}

{1:}{2:IN}{3:{108:CTIS}}{4:
:20:37101985510050403879
:25:37101985510050403879
:28C:5640/1
:60F:D180118CNY134118657,96
:61:1801180118CD5470,92NMSCNONREF
310066661018800022482
:86:北京欧尚超市有限公司 交通银行上海市分行
//189674300>>189674300zzID
:62F:D180118CNY134124128,88
-}{5:{CHK:}}

{1:}{2:IN}{3:{108:CTIS}}{4:
:20:37101985510050403879
:25:37101985510050403879
:28C:5641/1
:60F:D180118CNY134124128,88
:61:1801180118CD4617,NMSCNONREF
65050161624800000100
:86:新疆诚敏昌商业运营管理有限公司 建行乌鲁木齐扬子江路支行
//货款
:62F:D180118CNY134128745,88
-}{5:{CHK:}}

{1:}{2:IN}{3:{108:CTIS}}{4:
:20:37101985510050403879
:25:37101985510050403879
:28C:5642/1
:60F:D180118CNY134128745,88
:61:1801180118CD2232,44NMSCNONREF
444259252972
:86:上海欧尚超市有限公司 中国银行上海市包头路支行
//189639000zzID
:62F:D180118CNY134130978,32
-}{5:{CHK:}}

{1:}{2:IN}{3:{108:CTIS}}{4:
:20:37101985510050403879
:25:37101985510050403879
:28C:5643/1
:60F:D180118CNY134130978,32
:61:1801180118CD280414,NMSCNONREF
3602001119200230803
:86:广州富士冷机有限公司 中国工商银行股份有限公司广东省分行营业部
//电子汇入
:62F:D180118CNY134411392,32
-}{5:{CHK:}}

{1:}{2:IN}{3:{108:CTIS}}{4:
:20:37101985510050403879
:25:37101985510050403879
:28C:5644/1
:60F:D180118CNY134411392,32
:61:1801180118CD298,NMSCNONREF
1209180548079372
:86:哈尔滨海晟制冷设备有限公司 哈尔滨银行股份有限公司红旗支行
//货款 货款
:62F:D180118CNY134411690,32
-}{5:{CHK:}}

{1:}{2:IN}{3:{108:CTIS}}{4:
:20:37101985510050403879
:25:37101985510050403879
:28C:5645/1
:60F:D180118CNY134411690,32
:61:1801180118CD10355,NMSCNONREF
544358217415
:86:苏州欧尚超市有限公司 中国银行股份有限公司苏州分行
//189644800zzID
:62F:D180118CNY134422045,32
-}{5:{CHK:}}

{1:}{2:IN}{3:{108:CTIS}}{4:
:20:37101985510050403879
:25:37101985510050403879
:28C:5646/1
:60F:D180118CNY134422045,32
:61:1801180118CD79585,NMSCNONREF
800024712720010
:86:长沙恒捷科技发展有限公司 长沙银行股份有限公司
//货款
:62F:D180118CNY134501630,32
-}{5:{CHK:}}

{1:}{2:IN}{3:{108:CTIS}}{4:
:20:37101985510050403879
:25:37101985510050403879
:28C:5647/1
:60F:D180118CNY134501630,32
:61:1801180118CD31930,85NMSCNONREF
16039101040023500
:86:郑州市全日鲜生活便利店有限公司 中国农业银行股份有限公司郑州金水支行
//电子汇入
:62F:D180118CNY134533561,17
-}{5:{CHK:}}

{1:}{2:IN}{3:{108:CTIS}}{4:
:20:37101985510050403879
:25:37101985510050403879
:28C:5648/1
:60F:D180118CNY134533561,17
:61:1801180118CD44180,NMSCNONREF
50131000322594904
:86:上海冠欣机电设备工程有限公司 上海农商银行
//货款
:62F:D180118CNY134577741,17
-}{5:{CHK:}}

{1:}{2:IN}{3:{108:CTIS}}{4:
:20:37101985510050403879
:25:37101985510050403879
:28C:5649/1
:60F:D180118CNY134577741,17
:61:1801180118CD500,NMSCNONREF
2902002119200096388
:86:宁夏荣恒信泰物联网科技有限公司 工行宁夏银川业务处理中心（不办理对客户业务）
//购买配件，转建设银行青岛市海尔路支行
:62F:D180118CNY134578241,17
-}{5:{CHK:}}

{1:}{2:IN}{3:{108:CTIS}}{4:
:20:37101985510050403879
:25:37101985510050403879
:28C:5650/1
:60F:D180118CNY134578241,17
:61:1801180118CD145320,NMSCNONREF
31050180470000000300
:86:上海凯觅制冷设备有限公司 建行上海莘松路支行
//货款QHC1712064FDCS
:62F:D180118CNY134723561,17
-}{5:{CHK:}}

{1:}{2:IN}{3:{108:CTIS}}{4:
:20:37101985510050403879
:25:37101985510050403879
:28C:5651/1
:60F:D180118CNY134723561,17
:61:1801180118CD1200,NMSCNONREF
31050180470000000300
:86:上海凯觅制冷设备有限公司 建行上海莘松路支行
//货款
:62F:D180118CNY134724761,17
-}{5:{CHK:}}

{1:}{2:IN}{3:{108:CTIS}}{4:
:20:37101985510050403879
:25:37101985510050403879
:28C:5652/1
:60F:D180118CNY134724761,17
:61:1801180118CD13050,NMSCNONREF
01-19-hl2904-01
:86:北京华联综合超市股份有限公司青海第四分公司 建行北京六里桥支行
//ＨＬ冷冻冷藏系统服务合同
:62F:D180118CNY134737811,17
-}{5:{CHK:}}

{1:}{2:IN}{3:{108:CTIS}}{4:
:20:37101985510050403879
:25:37101985510050403879
:28C:5653/1
:60F:D180118CNY134737811,17
:61:1801180118CD13995,NMSCNONREF
01-19-hl2905-01
:86:北京华联综合超市股份有限公司青海第五分公司 建行北京六里桥支行
//ＨＬ17年4季度冷链维保费
:62F:D180118CNY134751806,17
-}{5:{CHK:}}

{1:}{2:IN}{3:{108:CTIS}}{4:
:20:37101985510050403879
:25:37101985510050403879
:28C:5654/1
:60F:D180118CNY134751806,17
:61:1801180118CD12040,NMSCNONREF
380558330032
:86:宁波曜达商用设备有限公司 中国银行股份有限公司宁波四眼碶支行
//货款
:62F:D180118CNY134763846,17
-}{5:{CHK:}}

{1:}{2:IN}{3:{108:CTIS}}{4:
:20:37101985510050403879
:25:37101985510050403879
:28C:5655/1
:60F:D180118CNY134763846,17
:61:1801180118CD1220214,NMSCNONREF
3502879015
:86:锦江麦德龙现购自运有限公司 德意志银行(中国)有限公司上海分行
//4000024260+A-00364263等A-00364263等
:62F:D180118CNY135984060,17
-}{5:{CHK:}}

{1:}{2:IN}{3:{108:CTIS}}{4:
:20:37101985510050403879
:25:37101985510050403879
:28C:5656/1
:60F:D180118CNY135984060,17
:61:1801180118CD49260,NMSCNONREF
1022401021000847936
:86:安徽利克冷链节能设备有限公司 徽商银行股份有限公司合肥濉溪路支行
//总价64260，扣除返利15000
:62F:D180118CNY136033320,17
-}{5:{CHK:}}

{1:}{2:IN}{3:{108:CTIS}}{4:
:20:37101985510050403879
:25:37101985510050403879
:28C:5657/1
:60F:D180118CNY136033320,17
:61:1801180118CD120000,NMSCNONREF
513158218269
:86:无锡绿的商贸有限公司 中国银行股份有限公司无锡梁溪支行
//货款货款
:62F:D180118CNY136153320,17
-}{5:{CHK:}}

{1:}{2:IN}{3:{108:CTIS}}{4:
:20:37101985510050403879
:25:37101985510050403879
:28C:5658/1
:60F:D180118CNY136153320,17
:61:1801180118CD18062,NMSCNONREF
240318015423
:86:淄博天雪制冷设备工程有限公司 中国银行股份有限公司淄博王舍路支行
//货款
:62F:D180118CNY136171382,17
-}{5:{CHK:}}

{1:}{2:IN}{3:{108:CTIS}}{4:
:20:37101985510050403879
:25:37101985510050403879
:28C:5660/1
:60F:D180119CNY135490727,17
:61:1801190119CD122155,NMSCNONREF
110010190010031829
:86:东莞市领航制冷设备有限公司 东莞农村商业银行股份有限公司南城支行
//货款，(自助汇款)
:62F:D180119CNY135612882,17
-}{5:{CHK:}}

{1:}{2:IN}{3:{108:CTIS}}{4:
:20:37101985510050403879
:25:37101985510050403879
:28C:5661/1
:60F:D180119CNY135612882,17
:61:1801190119CD459,NMSCNONREF
351008100010252603146
:86:福州大邦商用设备有限公司 交通银行股份有限公司福州王庄支行
//岛柜玻璃
:62F:D180119CNY135613341,17
-}{5:{CHK:}}

{1:}{2:IN}{3:{108:CTIS}}{4:
:20:37101985510050403879
:25:37101985510050403879
:28C:5662/1
:60F:D180119CNY135613341,17
:61:1801190119CD194832,NMSCNONREF
1209180548079372
:86:哈尔滨海晟制冷设备有限公司 哈尔滨银行股份有限公司红旗支行
//货款 货款
:62F:D180119CNY135808173,17
-}{5:{CHK:}}

{1:}{2:IN}{3:{108:CTIS}}{4:
:20:37101985510050403879
:25:37101985510050403879
:28C:5663/1
:60F:D180119CNY135808173,17
:61:1801190119CD93600,NMSCNONREF
1209180548079372
:86:哈尔滨海晟制冷设备有限公司 哈尔滨银行股份有限公司红旗支行
//货款 货款
:62F:D180119CNY135901773,17
-}{5:{CHK:}}

{1:}{2:IN}{3:{108:CTIS}}{4:
:20:37101985510050403879
:25:37101985510050403879
:28C:5664/1
:60F:D180119CNY135901773,17
:61:1801190119CD78259,NMSCNONREF
52001413600052506481
:86:贵州佳莱仕制冷设备有限公司 建行贵阳城北支行
//提货款
:62F:D180119CNY135980032,17
-}{5:{CHK:}}

{1:}{2:IN}{3:{108:CTIS}}{4:
:20:37101985510050403879
:25:37101985510050403879
:28C:5665/1
:60F:D180119CNY135980032,17
:61:1801190119CD298100,NMSCNONREF
698075572
:86:永辉超市股份有限公司 中国民生银行福州金山支行
//2400冷链9314
:62F:D180119CNY136278132,17
-}{5:{CHK:}}

{1:}{2:IN}{3:{108:CTIS}}{4:
:20:37101985510050403879
:25:37101985510050403879
:28C:5666/1
:60F:D180119CNY136278132,17
:61:1801190119CD375500,NMSCNONREF
698075572
:86:永辉超市股份有限公司 中国民生银行福州金山支行
//2206冷链9331
:62F:D180119CNY136653632,17
-}{5:{CHK:}}

{1:}{2:IN}{3:{108:CTIS}}{4:
:20:37101985510050403879
:25:37101985510050403879
:28C:5667/1
:60F:D180119CNY136653632,17
:61:1801190119CD486213,5NMSCNONREF
3602001119200230803
:86:广州富士冷机有限公司 中国工商银行股份有限公司广东省分行营业部
//电子汇入
:62F:D180119CNY137139845,67
-}{5:{CHK:}}

{1:}{2:IN}{3:{108:CTIS}}{4:
:20:37101985510050403879
:25:37101985510050403879
:28C:5668/1
:60F:D180119CNY137139845,67
:61:1801190119CD150,NMSCNONREF
90030188000069253
:86:扬州冰安制冷设备有限公司 江苏银行股份有限公司
//出金
:62F:D180119CNY137139995,67
-}{5:{CHK:}}

{1:}{2:IN}{3:{108:CTIS}}{4:
:20:37101985510050403879
:25:37101985510050403879
:28C:5669/1
:60F:D180119CNY137139995,67
:61:1801190119CD747298,94NMSCNONREF
01220120210007232
:86:苏果超市有限公司 南京银行股份有限公司光华支行
//费用
:62F:D180119CNY137887294,61
-}{5:{CHK:}}

{1:}{2:IN}{3:{108:CTIS}}{4:
:20:37101985510050403879
:25:37101985510050403879
:28C:5670/1
:60F:D180119CNY137887294,61
:61:1801190119CD522733,NMSCNONREF
1209180548079372
:86:哈尔滨海晟制冷设备有限公司 哈尔滨银行股份有限公司红旗支行
//货款 货款
:62F:D180119CNY138410027,61
-}{5:{CHK:}}

{1:}{2:IN}{3:{108:CTIS}}{4:
:20:37101985510050403879
:25:37101985510050403879
:28C:5671/1
:60F:D180119CNY138410027,61
:61:1801190119CD45784,NMSCNONREF
380558330032
:86:宁波曜达商用设备有限公司 中国银行股份有限公司宁波四眼碶支行
//货款
:62F:D180119CNY138455811,61
-}{5:{CHK:}}

{1:}{2:IN}{3:{108:CTIS}}{4:
:20:37101985510050403879
:25:37101985510050403879
:28C:5672/1
:60F:D180120CNY138455811,61
:61:1801200120CD2300,NMSCNONREF
2801012090084651
:86:南宁市古得制冷设备工程有限公司 广西北部湾银行股份有限公司南宁市民族支行
//货款
:62F:D180120CNY138458111,61
-}{5:{CHK:}}

{1:}{2:IN}{3:{108:CTIS}}{4:
:20:37101985510050403879
:25:37101985510050403879
:28C:5673/1
:60F:D180122CNY138458111,61
:61:1801220122CD250000,NMSCNONREF
32462028010026177
:86:上海勤锦制冷设备有限公司 上海农商银行
//8台中岛6台整机加绿姆指差额
:62F:D180122CNY138708111,61
-}{5:{CHK:}}

{1:}{2:IN}{3:{108:CTIS}}{4:
:20:37101985510050403879
:25:37101985510050403879
:28C:5678/1
:60F:D180122CNY138624791,41
:61:1801220122CD41818,NMSCNONREF
0103014170016840
:86:北京捷康伟业科技有限公司 中国民生银行股份有限公司北京阜成门支行
//货款立柜尾款2台
:62F:D180122CNY138666609,41
-}{5:{CHK:}}

{1:}{2:IN}{3:{108:CTIS}}{4:
:20:37101985510050403879
:25:37101985510050403879
:28C:5679/1
:60F:D180122CNY138666609,41
:61:1801220122CD46776,NMSCNONREF
3100027809200062654
:86:重庆润泰制冷设备有限公司 中国工商银行股份有限公司重庆分行业务处理中心
//电子汇入
:62F:D180122CNY138713385,41
-}{5:{CHK:}}

{1:}{2:IN}{3:{108:CTIS}}{4:
:20:37101985510050403879
:25:37101985510050403879
:28C:5680/1
:60F:D180122CNY138713385,41
:61:1801220122CD52032,NMSCNONREF
651000132000043248
:86:四川信胜商业设备有限公司 四川天府银行股份有限公司成都分行
//采购款
:62F:D180122CNY138765417,41
-}{5:{CHK:}}

{1:}{2:IN}{3:{108:CTIS}}{4:
:20:37101985510050403879
:25:37101985510050403879
:28C:5681/1
:60F:D180122CNY138765417,41
:61:1801220122CD3696,NMSCNONREF
07170801040002755
:86:吉林省博汇机电工程有限公司 中国农业银行股份有限公司吉林省分行营业部
//１－５新天地侧板尾款
:62F:D180122CNY138769113,41
-}{5:{CHK:}}

{1:}{2:IN}{3:{108:CTIS}}{4:
:20:37101985510050403879
:25:37101985510050403879
:28C:5682/1
:60F:D180122CNY138769113,41
:61:1801220122CD4070,01NMSCNONREF
21050140430100000192
:86:沈阳顶峰机电有限公司 建行沈阳经济技术开发区支行
//货款
:62F:D180122CNY138773183,42
-}{5:{CHK:}}

{1:}{2:IN}{3:{108:CTIS}}{4:
:20:37101985510050403879
:25:37101985510050403879
:28C:5686/1
:60F:D180122CNY138770689,52
:61:1801220122CD18016,NMSCNONREF
1001195209006889060
:86:上海山诺制冷电器设备工程有限公司 中国工商银行上海市分行业务营运中心
//电子汇入
:62F:D180122CNY138788705,52
-}{5:{CHK:}}

{1:}{2:IN}{3:{108:CTIS}}{4:
:20:37101985510050403879
:25:37101985510050403879
:28C:5687/1
:60F:D180122CNY138788705,52
:61:1801220122CD219,NMSCNONREF
21050140430100000192
:86:沈阳顶峰机电有限公司 建行沈阳经济技术开发区支行
//货款
:62F:D180122CNY138788924,52
-}{5:{CHK:}}

{1:}{2:IN}{3:{108:CTIS}}{4:
:20:37101985510050403879
:25:37101985510050403879
:28C:5688/1
:60F:D180122CNY138788924,52
:61:1801220122CD4764,24NMSCNONREF
32201989057052500036
:86:昆山润华商业有限公司苏州相城分公司 建行苏州分行营业部
//货款 53911
:62F:D180122CNY138793688,76
-}{5:{CHK:}}

{1:}{2:IN}{3:{108:CTIS}}{4:
:20:37101985510050403879
:25:37101985510050403879
:28C:5689/1
:60F:D180122CNY138793688,76
:61:1801220122CD12896,91NMSCNONREF
32201989044059951999
:86:苏州润瑞商业有限公司 建行苏州市兴元分理处
//货款 53911
:62F:D180122CNY138806585,67
-}{5:{CHK:}}

{1:}{2:IN}{3:{108:CTIS}}{4:
:20:37101985510050403879
:25:37101985510050403879
:28C:5690/1
:60F:D180122CNY138806585,67
:61:1801220122CD69440,NMSCNONREF
31050180470000000300
:86:上海凯觅制冷设备有限公司 建行上海莘松路支行
//货款QHC170050FDCS
:62F:D180122CNY138876025,67
-}{5:{CHK:}}

{1:}{2:IN}{3:{108:CTIS}}{4:
:20:37101985510050403879
:25:37101985510050403879
:28C:5691/1
:60F:D180122CNY138876025,67
:61:1801220122CD216525,NMSCNONREF
31050180470000000300
:86:上海凯觅制冷设备有限公司 建行上海莘松路支行
//货款QHC1712126FDCS
:62F:D180122CNY139092550,67
-}{5:{CHK:}}

{1:}{2:IN}{3:{108:CTIS}}{4:
:20:37101985510050403879
:25:37101985510050403879
:28C:5692/1
:60F:D180122CNY139092550,67
:61:1801220122CD50536,74NMSCNONREF
11007921893401
:86:深圳市大润发商业有限公司 平安银行深圳龙华支行
//货款53639货款53639
:62F:D180122CNY139143087,41
-}{5:{CHK:}}

{1:}{2:IN}{3:{108:CTIS}}{4:
:20:37101985510050403879
:25:37101985510050403879
:28C:5693/1
:60F:D180122CNY139143087,41
:61:1801220122CD4601,61NMSCNONREF
11007921893401
:86:深圳市大润发商业有限公司 平安银行深圳龙华支行
//货款53911
:62F:D180122CNY139147689,02
-}{5:{CHK:}}

{1:}{2:IN}{3:{108:CTIS}}{4:
:20:37101985510050403879
:25:37101985510050403879
:28C:5694/1
:60F:D180122CNY139147689,02
:61:1801220122CD21600,NMSCNONREF
11007921893401
:86:深圳市大润发商业有限公司 平安银行深圳龙华支行
//货款954538
:62F:D180122CNY139169289,02
-}{5:{CHK:}}

{1:}{2:IN}{3:{108:CTIS}}{4:
:20:37101985510050403879
:25:37101985510050403879
:28C:5695/1
:60F:D180122CNY139169289,02
:61:1801220122CD29927,NMSCNONREF
11007921893401
:86:深圳市大润发商业有限公司 平安银行深圳龙华支行
//货款53639
:62F:D180122CNY139199216,02
-}{5:{CHK:}}

{1:}{2:IN}{3:{108:CTIS}}{4:
:20:37101985510050403879
:25:37101985510050403879
:28C:5696/1
:60F:D180122CNY139199216,02
:61:1801220122CD4999,41NMSCNONREF
44293001040023941
:86:东莞樟木头大润发商业有限公司 中国农业银行股份有限公司东莞分行资金清算中心
//货款53911
:62F:D180122CNY139204215,43
-}{5:{CHK:}}

{1:}{2:IN}{3:{108:CTIS}}{4:
:20:37101985510050403879
:25:37101985510050403879
:28C:5697/1
:60F:D180122CNY139204215,43
:61:1801220122CD4983,NMSCNONREF
44293001040023941
:86:东莞樟木头大润发商业有限公司 中国农业银行股份有限公司东莞分行资金清算中心
//货款954538
:62F:D180122CNY139209198,43
-}{5:{CHK:}}

{1:}{2:IN}{3:{108:CTIS}}{4:
:20:37101985510050403879
:25:37101985510050403879
:28C:5698/1
:60F:D180122CNY139209198,43
:61:1801220122CD39675,NMSCNONREF
13712801040001604
:86:龙岩大润发商业有限公司 中国农业银行龙岩分行营业部
//货款954538
:62F:D180122CNY139248873,43
-}{5:{CHK:}}

{1:}{2:IN}{3:{108:CTIS}}{4:
:20:37101985510050403879
:25:37101985510050403879
:28C:5699/1
:60F:D180122CNY139248873,43
:61:1801220122CD2765,88NMSCNONREF
13712801040001604
:86:龙岩大润发商业有限公司 中国农业银行龙岩分行营业部
//货款53911
:62F:D180122CNY139251639,31
-}{5:{CHK:}}

{1:}{2:IN}{3:{108:CTIS}}{4:
:20:37101985510050403879
:25:37101985510050403879
:28C:5700/1
:60F:D180122CNY139251639,31
:61:1801220122CD11975,NMSCNONREF
44501701040003359
:86:佛山市南海润瑞商业有限公司 中国农业银行股份有限公司南海分行
//货款954538
:62F:D180122CNY139263614,31
-}{5:{CHK:}}

{1:}{2:IN}{3:{108:CTIS}}{4:
:20:37101985510050403879
:25:37101985510050403879
:28C:5701/1
:60F:D180122CNY139263614,31
:61:1801220122CD10980,45NMSCNONREF
94120155300001237
:86:慈溪大润发商贸有限公司 上海浦东发展银行宁波分行
//货款 53911
:62F:D180122CNY139274594,76
-}{5:{CHK:}}

{1:}{2:IN}{3:{108:CTIS}}{4:
:20:37101985510050403879
:25:37101985510050403879
:28C:5702/1
:60F:D180122CNY139274594,76
:61:1801220122CD10800,NMSCNONREF
44501701040003359
:86:佛山市南海润瑞商业有限公司 中国农业银行股份有限公司南海分行
//货款954538
:62F:D180122CNY139285394,76
-}{5:{CHK:}}

{1:}{2:IN}{3:{108:CTIS}}{4:
:20:37101985510050403879
:25:37101985510050403879
:28C:5703/1
:60F:D180122CNY139285394,76
:61:1801220122CD7665,84NMSCNONREF
44501701040003359
:86:佛山市南海润瑞商业有限公司 中国农业银行股份有限公司南海分行
//货款53911
:62F:D180122CNY139293060,6
-}{5:{CHK:}}

{1:}{2:IN}{3:{108:CTIS}}{4:
:20:37101985510050403879
:25:37101985510050403879
:28C:5704/1
:60F:D180122CNY139293060,6
:61:1801220122CD10225,NMSCNONREF
44284201040012164
:86:昆山润华商业有限公司东莞长安分公司 中国农业银行股份有限公司东莞分行资金清算中心
//货款954538
:62F:D180122CNY139303285,6
-}{5:{CHK:}}

{1:}{2:IN}{3:{108:CTIS}}{4:
:20:37101985510050403879
:25:37101985510050403879
:28C:5705/1
:60F:D180122CNY139303285,6
:61:1801220122CD17862,39NMSCNONREF
44284201040012164
:86:昆山润华商业有限公司东莞长安分公司 中国农业银行股份有限公司东莞分行资金清算中心
//货款53911
:62F:D180122CNY139321147,99
-}{5:{CHK:}}

{1:}{2:IN}{3:{108:CTIS}}{4:
:20:37101985510050403879
:25:37101985510050403879
:28C:5706/1
:60F:D180122CNY139321147,99
:61:1801220122CD7961,85NMSCNONREF
20401001040014881
:86:玉林润平商业有限公司 中国农业银行股份有限公司广西区分行（不办理对外业务）
//货款53911
:62F:D180122CNY139329109,84
-}{5:{CHK:}}

{1:}{2:IN}{3:{108:CTIS}}{4:
:20:37101985510050403879
:25:37101985510050403879
:28C:5707/1
:60F:D180122CNY139329109,84
:61:1801220122CD39675,NMSCNONREF
20401001040014881
:86:玉林润平商业有限公司 中国农业银行股份有限公司广西区分行（不办理对外业务）
//货款954538
:62F:D180122CNY139368784,84
-}{5:{CHK:}}

{1:}{2:IN}{3:{108:CTIS}}{4:
:20:37101985510050403879
:25:37101985510050403879
:28C:5718/1
:60F:D180122CNY138639835,13
:61:1801220122CD2238,21NMSCNONREF
44528001040031255
:86:佛山市南海区润邗商业有限公司 中国农业银行股份有限公司南海罗村支行
//货款53911
:62F:D180122CNY138642073,34
-}{5:{CHK:}}

{1:}{2:IN}{3:{108:CTIS}}{4:
:20:37101985510050403879
:25:37101985510050403879
:28C:5724/1
:60F:D180122CNY137959012,33
:61:1801220122CD10851,75NMSCNONREF
44074401040003056
:86:广州康诚商业有限公司 中国农业银行股份有限公司广州番禺华景支行
//货款53911
:62F:D180122CNY137969864,08
-}{5:{CHK:}}

{1:}{2:IN}{3:{108:CTIS}}{4:
:20:37101985510050403879
:25:37101985510050403879
:28C:5725/1
:60F:D180122CNY137969864,08
:61:1801220122CD38435,NMSCNONREF
44074401040003056
:86:广州康诚商业有限公司 中国农业银行股份有限公司广州番禺华景支行
//货款954538
:62F:D180122CNY138008299,08
-}{5:{CHK:}}

{1:}{2:IN}{3:{108:CTIS}}{4:
:20:37101985510050403879
:25:37101985510050403879
:28C:5731/1
:60F:D180122CNY137624570,8
:61:1801220122CD5036,85NMSCNONREF
44310501040011274
:86:昆山润华商业有限公司中山分公司 中国农业银行股份有限公司中山石岐支行
//货款53911
:62F:D180122CNY137629607,65
-}{5:{CHK:}}

{1:}{2:IN}{3:{108:CTIS}}{4:
:20:37101985510050403879
:25:37101985510050403879
:28C:5732/1
:60F:D180122CNY137629607,65
:61:1801220122CD10800,NMSCNONREF
44310501040011274
:86:昆山润华商业有限公司中山分公司 中国农业银行股份有限公司中山石岐支行
//货款954538
:62F:D180122CNY137640407,65
-}{5:{CHK:}}

{1:}{2:IN}{3:{108:CTIS}}{4:
:20:37101985510050403879
:25:37101985510050403879
:28C:5742/1
:60F:D180122CNY136345959,52
:61:1801220122CD32400,NMSCNONREF
44238001040002950
:86:昆山润华商业有限公司惠东分公司 中国农业银行股份有限公司惠州分行运营管理部
//货款954538
:62F:D180122CNY136378359,52
-}{5:{CHK:}}

{1:}{2:IN}{3:{108:CTIS}}{4:
:20:37101985510050403879
:25:37101985510050403879
:28C:5743/1
:60F:D180122CNY136378359,52
:61:1801220122CD8351,46NMSCNONREF
44238001040002950
:86:昆山润华商业有限公司惠东分公司 中国农业银行股份有限公司惠州分行运营管理部
//货款53911
:62F:D180122CNY136386710,98
-}{5:{CHK:}}

{1:}{2:IN}{3:{108:CTIS}}{4:
:20:37101985510050403879
:25:37101985510050403879
:28C:5744/1
:60F:D180122CNY136386710,98
:61:1801220122CD3575,52NMSCNONREF
44467001040023248
:86:佛山市顺德区大润发商业有限公司 中国农业银行股份有限公司顺德大良支行
//货款53911
:62F:D180122CNY136390286,5
-}{5:{CHK:}}

{1:}{2:IN}{3:{108:CTIS}}{4:
:20:37101985510050403879
:25:37101985510050403879
:28C:5748/1
:60F:D180122CNY135852941,12
:61:1801220122CD6420,NMSCNONREF
41028900040099987
:86:深圳康润华商贸有限公司 中国农业银行深圳市分行
//货款954538
:62F:D180122CNY135859361,12
-}{5:{CHK:}}

{1:}{2:IN}{3:{108:CTIS}}{4:
:20:37101985510050403879
:25:37101985510050403879
:28C:5749/1
:60F:D180122CNY135859361,12
:61:1801220122CD10800,NMSCNONREF
41028900040099987
:86:深圳康润华商贸有限公司 中国农业银行深圳市分行
//货款954538
:62F:D180122CNY135870161,12
-}{5:{CHK:}}

{1:}{2:IN}{3:{108:CTIS}}{4:
:20:37101985510050403879
:25:37101985510050403879
:28C:5750/1
:60F:D180122CNY135870161,12
:61:1801220122CD8660,34NMSCNONREF
41028900040099987
:86:深圳康润华商贸有限公司 中国农业银行深圳市分行
//货款53911
:62F:D180122CNY135878821,46
-}{5:{CHK:}}

{1:}{2:IN}{3:{108:CTIS}}{4:
:20:37101985510050403879
:25:37101985510050403879
:28C:5758/1
:60F:D180122CNY134148136,18
:61:1801220122CD1368,9NMSCNONREF
44517001040002119
:86:佛山市南海润良商业有限公司 中国农业银行股份有限公司南海大沥支行
//货款53911
:62F:D180122CNY134149505,08
-}{5:{CHK:}}

{1:}{2:IN}{3:{108:CTIS}}{4:
:20:37101985510050403879
:25:37101985510050403879
:28C:5768/1
:60F:D180122CNY132841663,45
:61:1801220122CD10800,NMSCNONREF
44720001040015874
:86:乐昌市大润发商业有限公司 中国农业银行股份有限公司韶关分行运营管理部
//货款954538
:62F:D180122CNY132852463,45
-}{5:{CHK:}}

{1:}{2:IN}{3:{108:CTIS}}{4:
:20:37101985510050403879
:25:37101985510050403879
:28C:5769/1
:60F:D180122CNY132852463,45
:61:1801220122CD556,92NMSCNONREF
44720001040015874
:86:乐昌市大润发商业有限公司 中国农业银行股份有限公司韶关分行运营管理部
//货款53911
:62F:D180122CNY132853020,37
-}{5:{CHK:}}

{1:}{2:IN}{3:{108:CTIS}}{4:
:20:37101985510050403879
:25:37101985510050403879
:28C:5771/1
:60F:D180122CNY132806416,08
:61:1801220122CD7867,08NMSCNONREF
44285001040078788
:86:东莞润德商业有限公司 中国农业银行股份有限公司东莞分行资金清算中心
//货款53911
:62F:D180122CNY132814283,16
-}{5:{CHK:}}

{1:}{2:IN}{3:{108:CTIS}}{4:
:20:37101985510050403879
:25:37101985510050403879
:28C:5785/1
:60F:D180122CNY128356799,28
:61:1801220122CD2290,86NMSCNONREF
454060900018150290305
:86:梧州市润良商业有限公司 交通银行股份有限公司梧州分行营业部
//货款53911
:62F:D180122CNY128359090,14
-}{5:{CHK:}}

{1:}{2:IN}{3:{108:CTIS}}{4:
:20:37101985510050403879
:25:37101985510050403879
:28C:5786/1
:60F:D180122CNY128359090,14
:61:1801220122CD32400,NMSCNONREF
454060900018150290305
:86:梧州市润良商业有限公司 交通银行股份有限公司梧州分行营业部
//货款954538
:62F:D180122CNY128391490,14
-}{5:{CHK:}}